%YAML 1.1
%TAG !u! tag:unity3d.com,2011:
--- !u!1 &45384889936752862
GameObject:
  m_ObjectHideFlags: 0
  m_CorrespondingSourceObject: {fileID: 0}
  m_PrefabInstance: {fileID: 0}
  m_PrefabAsset: {fileID: 0}
  serializedVersion: 6
  m_Component:
  - component: {fileID: 3270339473551946422}
  - component: {fileID: 5129521876065203758}
  m_Layer: 0
  m_Name: Post
  m_TagString: Untagged
  m_Icon: {fileID: 0}
  m_NavMeshLayer: 0
  m_StaticEditorFlags: 0
  m_IsActive: 1
--- !u!4 &3270339473551946422
Transform:
  m_ObjectHideFlags: 0
  m_CorrespondingSourceObject: {fileID: 0}
  m_PrefabInstance: {fileID: 0}
  m_PrefabAsset: {fileID: 0}
  m_GameObject: {fileID: 45384889936752862}
  m_LocalRotation: {x: 0, y: 0, z: 0, w: 1}
  m_LocalPosition: {x: 0, y: 0, z: 0}
  m_LocalScale: {x: 1, y: 1, z: 1}
  m_Children:
  - {fileID: 6113361353783680571}
  - {fileID: 3646723051148641938}
  m_Father: {fileID: 0}
  m_RootOrder: 0
  m_LocalEulerAnglesHint: {x: 0, y: 0, z: 0}
--- !u!114 &5129521876065203758
MonoBehaviour:
  m_ObjectHideFlags: 0
  m_CorrespondingSourceObject: {fileID: 0}
  m_PrefabInstance: {fileID: 0}
  m_PrefabAsset: {fileID: 0}
  m_GameObject: {fileID: 45384889936752862}
  m_Enabled: 1
  m_EditorHideFlags: 0
  m_Script: {fileID: 11500000, guid: 4d8dcefab5a93ee40970209fa5559c33, type: 3}
  m_Name: 
  m_EditorClassIdentifier: 
  ghostColor: {r: 0, g: 0.972549, b: 0, a: 0.5529412}
  ghostMats:
  - {fileID: 2100000, guid: 0d3765706c816114186c9c99392bbce6, type: 2}
  - {fileID: 2100000, guid: 40988cdddae29a347ae5f38efcf62108, type: 2}
  - {fileID: 2100000, guid: 0492b9d35fcb9c544bf49cd240bbde70, type: 2}
  originalMats:
  - {fileID: 2100000, guid: fb08a38bee89caf47b582e4f8eb4295f, type: 2}
  - {fileID: 2100000, guid: 94e2864ab4e6c9f4f9eec719e4aad297, type: 2}
  - {fileID: 2100000, guid: 3154778f7e746e047a4c5969be0f030c, type: 2}
--- !u!136 &5773086804290212825
CapsuleCollider:
  m_ObjectHideFlags: 0
  m_CorrespondingSourceObject: {fileID: 0}
  m_PrefabInstance: {fileID: 0}
  m_PrefabAsset: {fileID: 0}
  m_GameObject: {fileID: 2449343366463421433}
  m_Material: {fileID: 0}
  m_IsTrigger: 0
  m_Enabled: 1
  m_Radius: 0.2
  m_Height: 3.0808241
  m_Direction: 1
  m_Center: {x: 0, y: 0, z: 0.000000007450581}
--- !u!1 &3152493954084913299
GameObject:
  m_ObjectHideFlags: 0
  m_CorrespondingSourceObject: {fileID: 0}
  m_PrefabInstance: {fileID: 0}
  m_PrefabAsset: {fileID: 0}
  serializedVersion: 6
  m_Component:
  - component: {fileID: 6113361353783680571}
  - component: {fileID: 4021698262935594993}
  - component: {fileID: 5188445443561308633}
  - component: {fileID: 7492556626202894572}
  m_Layer: 0
  m_Name: Cylinder
  m_TagString: Untagged
  m_Icon: {fileID: 0}
  m_NavMeshLayer: 0
  m_StaticEditorFlags: 0
  m_IsActive: 0
--- !u!4 &6113361353783680571
Transform:
  m_ObjectHideFlags: 0
  m_CorrespondingSourceObject: {fileID: 0}
  m_PrefabInstance: {fileID: 0}
  m_PrefabAsset: {fileID: 0}
  m_GameObject: {fileID: 3152493954084913299}
  m_LocalRotation: {x: -0, y: -0, z: -0, w: 1}
  m_LocalPosition: {x: 0, y: 0.5, z: 0}
  m_LocalScale: {x: 0.33696, y: 1.5, z: 0.33696}
  m_Children: []
  m_Father: {fileID: 3270339473551946422}
  m_RootOrder: 0
  m_LocalEulerAnglesHint: {x: 0, y: 0, z: 0}
--- !u!33 &4021698262935594993
MeshFilter:
  m_ObjectHideFlags: 0
  m_CorrespondingSourceObject: {fileID: 0}
  m_PrefabInstance: {fileID: 0}
  m_PrefabAsset: {fileID: 0}
  m_GameObject: {fileID: 3152493954084913299}
  m_Mesh: {fileID: 10206, guid: 0000000000000000e000000000000000, type: 0}
--- !u!23 &5188445443561308633
MeshRenderer:
  m_ObjectHideFlags: 0
  m_CorrespondingSourceObject: {fileID: 0}
  m_PrefabInstance: {fileID: 0}
  m_PrefabAsset: {fileID: 0}
  m_GameObject: {fileID: 3152493954084913299}
  m_Enabled: 1
  m_CastShadows: 1
  m_ReceiveShadows: 1
  m_DynamicOccludee: 1
  m_MotionVectors: 1
  m_LightProbeUsage: 1
  m_ReflectionProbeUsage: 1
  m_RayTracingMode: 2
  m_RayTraceProcedural: 0
  m_RenderingLayerMask: 1
  m_RendererPriority: 0
  m_Materials:
  - {fileID: 2100000, guid: 31321ba15b8f8eb4c954353edc038b1d, type: 2}
  m_StaticBatchInfo:
    firstSubMesh: 0
    subMeshCount: 0
  m_StaticBatchRoot: {fileID: 0}
  m_ProbeAnchor: {fileID: 0}
  m_LightProbeVolumeOverride: {fileID: 0}
  m_ScaleInLightmap: 1
  m_ReceiveGI: 1
  m_PreserveUVs: 0
  m_IgnoreNormalsForChartDetection: 0
  m_ImportantGI: 0
  m_StitchLightmapSeams: 1
  m_SelectedEditorRenderState: 3
  m_MinimumChartSize: 4
  m_AutoUVMaxDistance: 0.5
  m_AutoUVMaxAngle: 89
  m_LightmapParameters: {fileID: 0}
  m_SortingLayerID: 0
  m_SortingLayer: 0
  m_SortingOrder: 0
  m_AdditionalVertexStreams: {fileID: 0}
--- !u!136 &7492556626202894572
CapsuleCollider:
  m_ObjectHideFlags: 0
  m_CorrespondingSourceObject: {fileID: 0}
  m_PrefabInstance: {fileID: 0}
  m_PrefabAsset: {fileID: 0}
  m_GameObject: {fileID: 3152493954084913299}
  m_Material: {fileID: 0}
  m_IsTrigger: 0
  m_Enabled: 1
  m_Radius: 0.5000001
  m_Height: 2
  m_Direction: 1
  m_Center: {x: 0.000000059604645, y: 0, z: -0.00000008940697}
--- !u!1001 &3823971932157305209
PrefabInstance:
  m_ObjectHideFlags: 0
  serializedVersion: 2
  m_Modification:
    m_TransformParent: {fileID: 3270339473551946422}
    m_Modifications:
    - target: {fileID: -8679921383154817045, guid: 551bb89ffc6810e419b6b55f66e0138d, type: 3}
      propertyPath: m_RootOrder
      value: 1
      objectReference: {fileID: 0}
    - target: {fileID: -8679921383154817045, guid: 551bb89ffc6810e419b6b55f66e0138d, type: 3}
      propertyPath: m_LocalPosition.x
      value: 0
      objectReference: {fileID: 0}
    - target: {fileID: -8679921383154817045, guid: 551bb89ffc6810e419b6b55f66e0138d, type: 3}
      propertyPath: m_LocalPosition.y
      value: -1.03
      objectReference: {fileID: 0}
    - target: {fileID: -8679921383154817045, guid: 551bb89ffc6810e419b6b55f66e0138d, type: 3}
      propertyPath: m_LocalPosition.z
      value: 0
      objectReference: {fileID: 0}
    - target: {fileID: -8679921383154817045, guid: 551bb89ffc6810e419b6b55f66e0138d, type: 3}
      propertyPath: m_LocalRotation.w
      value: 1
      objectReference: {fileID: 0}
    - target: {fileID: -8679921383154817045, guid: 551bb89ffc6810e419b6b55f66e0138d, type: 3}
      propertyPath: m_LocalRotation.x
      value: -0
      objectReference: {fileID: 0}
    - target: {fileID: -8679921383154817045, guid: 551bb89ffc6810e419b6b55f66e0138d, type: 3}
      propertyPath: m_LocalRotation.y
      value: -0
      objectReference: {fileID: 0}
    - target: {fileID: -8679921383154817045, guid: 551bb89ffc6810e419b6b55f66e0138d, type: 3}
      propertyPath: m_LocalRotation.z
      value: -0
      objectReference: {fileID: 0}
    - target: {fileID: -8679921383154817045, guid: 551bb89ffc6810e419b6b55f66e0138d, type: 3}
      propertyPath: m_LocalEulerAnglesHint.x
      value: 0
      objectReference: {fileID: 0}
    - target: {fileID: -8679921383154817045, guid: 551bb89ffc6810e419b6b55f66e0138d, type: 3}
      propertyPath: m_LocalEulerAnglesHint.y
      value: 0
      objectReference: {fileID: 0}
    - target: {fileID: -8679921383154817045, guid: 551bb89ffc6810e419b6b55f66e0138d, type: 3}
      propertyPath: m_LocalEulerAnglesHint.z
      value: 0
      objectReference: {fileID: 0}
    - target: {fileID: -425565630206218756, guid: 551bb89ffc6810e419b6b55f66e0138d, type: 3}
      propertyPath: m_Materials.Array.data[0]
      value: 
      objectReference: {fileID: 2100000, guid: fb08a38bee89caf47b582e4f8eb4295f, type: 2}
    - target: {fileID: -425565630206218756, guid: 551bb89ffc6810e419b6b55f66e0138d, type: 3}
      propertyPath: m_Materials.Array.data[1]
      value: 
      objectReference: {fileID: 2100000, guid: 94e2864ab4e6c9f4f9eec719e4aad297, type: 2}
    - target: {fileID: -425565630206218756, guid: 551bb89ffc6810e419b6b55f66e0138d, type: 3}
      propertyPath: m_Materials.Array.data[2]
      value: 
      objectReference: {fileID: 2100000, guid: 3154778f7e746e047a4c5969be0f030c, type: 2}
    - target: {fileID: 919132149155446097, guid: 551bb89ffc6810e419b6b55f66e0138d, type: 3}
      propertyPath: m_Name
      value: Post
      objectReference: {fileID: 0}
    m_RemovedComponents: []
  m_SourcePrefab: {fileID: 100100000, guid: 551bb89ffc6810e419b6b55f66e0138d, type: 3}
--- !u!4 &3646723051148641938 stripped
Transform:
  m_CorrespondingSourceObject: {fileID: -8679921383154817045, guid: 551bb89ffc6810e419b6b55f66e0138d, type: 3}
  m_PrefabInstance: {fileID: 3823971932157305209}
  m_PrefabAsset: {fileID: 0}
--- !u!1 &2449343366463421433 stripped
GameObject:
  m_CorrespondingSourceObject: {fileID: 1507767883509144192, guid: 551bb89ffc6810e419b6b55f66e0138d, type: 3}
  m_PrefabInstance: {fileID: 3823971932157305209}
  m_PrefabAsset: {fileID: 0}
