%YAML 1.1
%TAG !u! tag:unity3d.com,2011:
--- !u!1 &8432236667233416428
GameObject:
  m_ObjectHideFlags: 0
  m_CorrespondingSourceObject: {fileID: 0}
  m_PrefabInstance: {fileID: 0}
  m_PrefabAsset: {fileID: 0}
  serializedVersion: 6
  m_Component:
  - component: {fileID: 5217305518161285059}
  m_Layer: 0
  m_Name: CircleOfBlocks
  m_TagString: Untagged
  m_Icon: {fileID: 0}
  m_NavMeshLayer: 0
  m_StaticEditorFlags: 0
  m_IsActive: 1
--- !u!4 &5217305518161285059
Transform:
  m_ObjectHideFlags: 0
  m_CorrespondingSourceObject: {fileID: 0}
  m_PrefabInstance: {fileID: 0}
  m_PrefabAsset: {fileID: 0}
  m_GameObject: {fileID: 8432236667233416428}
  m_LocalRotation: {x: 0, y: 0, z: 0, w: 1}
  m_LocalPosition: {x: 2715.7964, y: 1386.6304, z: -4135.2114}
  m_LocalScale: {x: 1, y: 1, z: 1}
  m_Children:
  - {fileID: 4028080878749620036}
  - {fileID: 5343324572906363900}
  - {fileID: 1144538247748295034}
  - {fileID: 1953314513961901530}
  - {fileID: 1608610099817333800}
  - {fileID: 2965425496917028921}
  - {fileID: 2685296551314671733}
  - {fileID: 7040935540207771883}
  - {fileID: 5058370943979332428}
  - {fileID: 7766043155933166780}
  - {fileID: 8184513160134508395}
  - {fileID: 5599971529203978228}
  - {fileID: 5608034867255685956}
  - {fileID: 3495835581992381494}
  - {fileID: 8825591635102160320}
  - {fileID: 2925218514701550857}
  - {fileID: 3772858419989297965}
  - {fileID: 4561599434140916260}
  - {fileID: 4573335160273619076}
  - {fileID: 5645772377754463688}
  - {fileID: 2339350501174678285}
  - {fileID: 7546497346132072741}
  - {fileID: 8492771205408452906}
  - {fileID: 1626014325341454434}
  - {fileID: 6931162886024890988}
  - {fileID: 1602303249890862057}
  - {fileID: 6979364940801618047}
  - {fileID: 536687611787898027}
  m_Father: {fileID: 0}
  m_RootOrder: 0
  m_LocalEulerAnglesHint: {x: 0, y: 0, z: 0}
--- !u!1001 &1230150592522511129
PrefabInstance:
  m_ObjectHideFlags: 0
  serializedVersion: 2
  m_Modification:
    m_TransformParent: {fileID: 5217305518161285059}
    m_Modifications:
    - target: {fileID: 180870303795482199, guid: 852c44aa3ec9bd548b4230b143ef331e, type: 3}
      propertyPath: m_Mesh
      value: 
      objectReference: {fileID: 0}
    - target: {fileID: 1919695210891170683, guid: 852c44aa3ec9bd548b4230b143ef331e, type: 3}
      propertyPath: m_Mesh
      value: 
      objectReference: {fileID: 0}
    - target: {fileID: 3261166268058261417, guid: 852c44aa3ec9bd548b4230b143ef331e, type: 3}
      propertyPath: m_Mesh
      value: 
      objectReference: {fileID: 0}
    - target: {fileID: 3472404603689892819, guid: 852c44aa3ec9bd548b4230b143ef331e, type: 3}
      propertyPath: m_Name
      value: LargeBlock (11)
      objectReference: {fileID: 0}
    - target: {fileID: 6675820215362350317, guid: 852c44aa3ec9bd548b4230b143ef331e, type: 3}
      propertyPath: m_RootOrder
      value: 11
      objectReference: {fileID: 0}
    - target: {fileID: 6675820215362350317, guid: 852c44aa3ec9bd548b4230b143ef331e, type: 3}
      propertyPath: m_LocalPosition.x
      value: 137.32886
      objectReference: {fileID: 0}
    - target: {fileID: 6675820215362350317, guid: 852c44aa3ec9bd548b4230b143ef331e, type: 3}
      propertyPath: m_LocalPosition.y
      value: -348.63037
      objectReference: {fileID: 0}
    - target: {fileID: 6675820215362350317, guid: 852c44aa3ec9bd548b4230b143ef331e, type: 3}
      propertyPath: m_LocalPosition.z
      value: 188.30566
      objectReference: {fileID: 0}
    - target: {fileID: 6675820215362350317, guid: 852c44aa3ec9bd548b4230b143ef331e, type: 3}
      propertyPath: m_LocalRotation.w
      value: 0.7075594
      objectReference: {fileID: 0}
    - target: {fileID: 6675820215362350317, guid: 852c44aa3ec9bd548b4230b143ef331e, type: 3}
      propertyPath: m_LocalRotation.x
      value: -0
      objectReference: {fileID: 0}
    - target: {fileID: 6675820215362350317, guid: 852c44aa3ec9bd548b4230b143ef331e, type: 3}
      propertyPath: m_LocalRotation.y
      value: -0.70665395
      objectReference: {fileID: 0}
    - target: {fileID: 6675820215362350317, guid: 852c44aa3ec9bd548b4230b143ef331e, type: 3}
      propertyPath: m_LocalRotation.z
      value: -0
      objectReference: {fileID: 0}
    - target: {fileID: 6675820215362350317, guid: 852c44aa3ec9bd548b4230b143ef331e, type: 3}
      propertyPath: m_LocalEulerAnglesHint.x
      value: 0
      objectReference: {fileID: 0}
    - target: {fileID: 6675820215362350317, guid: 852c44aa3ec9bd548b4230b143ef331e, type: 3}
      propertyPath: m_LocalEulerAnglesHint.y
      value: -89.927
      objectReference: {fileID: 0}
    - target: {fileID: 6675820215362350317, guid: 852c44aa3ec9bd548b4230b143ef331e, type: 3}
      propertyPath: m_LocalEulerAnglesHint.z
      value: 0
      objectReference: {fileID: 0}
    m_RemovedComponents: []
  m_SourcePrefab: {fileID: 100100000, guid: 852c44aa3ec9bd548b4230b143ef331e, type: 3}
--- !u!4 &5599971529203978228 stripped
Transform:
  m_CorrespondingSourceObject: {fileID: 6675820215362350317, guid: 852c44aa3ec9bd548b4230b143ef331e, type: 3}
  m_PrefabInstance: {fileID: 1230150592522511129}
  m_PrefabAsset: {fileID: 0}
--- !u!1001 &1258468996341882793
PrefabInstance:
  m_ObjectHideFlags: 0
  serializedVersion: 2
  m_Modification:
    m_TransformParent: {fileID: 5217305518161285059}
    m_Modifications:
    - target: {fileID: 180870303795482199, guid: 852c44aa3ec9bd548b4230b143ef331e, type: 3}
      propertyPath: m_Mesh
      value: 
      objectReference: {fileID: 0}
    - target: {fileID: 1919695210891170683, guid: 852c44aa3ec9bd548b4230b143ef331e, type: 3}
      propertyPath: m_Mesh
      value: 
      objectReference: {fileID: 0}
    - target: {fileID: 3261166268058261417, guid: 852c44aa3ec9bd548b4230b143ef331e, type: 3}
      propertyPath: m_Mesh
      value: 
      objectReference: {fileID: 0}
    - target: {fileID: 3472404603689892819, guid: 852c44aa3ec9bd548b4230b143ef331e, type: 3}
      propertyPath: m_Name
      value: LargeBlock (10)
      objectReference: {fileID: 0}
    - target: {fileID: 6675820215362350317, guid: 852c44aa3ec9bd548b4230b143ef331e, type: 3}
      propertyPath: m_RootOrder
      value: 12
      objectReference: {fileID: 0}
    - target: {fileID: 6675820215362350317, guid: 852c44aa3ec9bd548b4230b143ef331e, type: 3}
      propertyPath: m_LocalPosition.x
      value: 103.989746
      objectReference: {fileID: 0}
    - target: {fileID: 6675820215362350317, guid: 852c44aa3ec9bd548b4230b143ef331e, type: 3}
      propertyPath: m_LocalPosition.y
      value: -348.63037
      objectReference: {fileID: 0}
    - target: {fileID: 6675820215362350317, guid: 852c44aa3ec9bd548b4230b143ef331e, type: 3}
      propertyPath: m_LocalPosition.z
      value: 219.29443
      objectReference: {fileID: 0}
    - target: {fileID: 6675820215362350317, guid: 852c44aa3ec9bd548b4230b143ef331e, type: 3}
      propertyPath: m_LocalRotation.w
      value: 0.7075594
      objectReference: {fileID: 0}
    - target: {fileID: 6675820215362350317, guid: 852c44aa3ec9bd548b4230b143ef331e, type: 3}
      propertyPath: m_LocalRotation.x
      value: -0
      objectReference: {fileID: 0}
    - target: {fileID: 6675820215362350317, guid: 852c44aa3ec9bd548b4230b143ef331e, type: 3}
      propertyPath: m_LocalRotation.y
      value: -0.70665395
      objectReference: {fileID: 0}
    - target: {fileID: 6675820215362350317, guid: 852c44aa3ec9bd548b4230b143ef331e, type: 3}
      propertyPath: m_LocalRotation.z
      value: -0
      objectReference: {fileID: 0}
    - target: {fileID: 6675820215362350317, guid: 852c44aa3ec9bd548b4230b143ef331e, type: 3}
      propertyPath: m_LocalEulerAnglesHint.x
      value: 0
      objectReference: {fileID: 0}
    - target: {fileID: 6675820215362350317, guid: 852c44aa3ec9bd548b4230b143ef331e, type: 3}
      propertyPath: m_LocalEulerAnglesHint.y
      value: -89.927
      objectReference: {fileID: 0}
    - target: {fileID: 6675820215362350317, guid: 852c44aa3ec9bd548b4230b143ef331e, type: 3}
      propertyPath: m_LocalEulerAnglesHint.z
      value: 0
      objectReference: {fileID: 0}
    m_RemovedComponents: []
  m_SourcePrefab: {fileID: 100100000, guid: 852c44aa3ec9bd548b4230b143ef331e, type: 3}
--- !u!4 &5608034867255685956 stripped
Transform:
  m_CorrespondingSourceObject: {fileID: 6675820215362350317, guid: 852c44aa3ec9bd548b4230b143ef331e, type: 3}
  m_PrefabInstance: {fileID: 1258468996341882793}
  m_PrefabAsset: {fileID: 0}
--- !u!1001 &1368134469102272805
PrefabInstance:
  m_ObjectHideFlags: 0
  serializedVersion: 2
  m_Modification:
    m_TransformParent: {fileID: 5217305518161285059}
    m_Modifications:
    - target: {fileID: 180870303795482199, guid: 852c44aa3ec9bd548b4230b143ef331e, type: 3}
      propertyPath: m_Mesh
      value: 
      objectReference: {fileID: 0}
    - target: {fileID: 1919695210891170683, guid: 852c44aa3ec9bd548b4230b143ef331e, type: 3}
      propertyPath: m_Mesh
      value: 
      objectReference: {fileID: 0}
    - target: {fileID: 3261166268058261417, guid: 852c44aa3ec9bd548b4230b143ef331e, type: 3}
      propertyPath: m_Mesh
      value: 
      objectReference: {fileID: 0}
    - target: {fileID: 3472404603689892819, guid: 852c44aa3ec9bd548b4230b143ef331e, type: 3}
      propertyPath: m_Name
      value: LargeBlock (17)
      objectReference: {fileID: 0}
    - target: {fileID: 6675820215362350317, guid: 852c44aa3ec9bd548b4230b143ef331e, type: 3}
      propertyPath: m_RootOrder
      value: 19
      objectReference: {fileID: 0}
    - target: {fileID: 6675820215362350317, guid: 852c44aa3ec9bd548b4230b143ef331e, type: 3}
      propertyPath: m_LocalPosition.x
      value: -142.6128
      objectReference: {fileID: 0}
    - target: {fileID: 6675820215362350317, guid: 852c44aa3ec9bd548b4230b143ef331e, type: 3}
      propertyPath: m_LocalPosition.y
      value: -348.63037
      objectReference: {fileID: 0}
    - target: {fileID: 6675820215362350317, guid: 852c44aa3ec9bd548b4230b143ef331e, type: 3}
      propertyPath: m_LocalPosition.z
      value: 191.97266
      objectReference: {fileID: 0}
    - target: {fileID: 6675820215362350317, guid: 852c44aa3ec9bd548b4230b143ef331e, type: 3}
      propertyPath: m_LocalRotation.w
      value: -0.009619439
      objectReference: {fileID: 0}
    - target: {fileID: 6675820215362350317, guid: 852c44aa3ec9bd548b4230b143ef331e, type: 3}
      propertyPath: m_LocalRotation.x
      value: -0
      objectReference: {fileID: 0}
    - target: {fileID: 6675820215362350317, guid: 852c44aa3ec9bd548b4230b143ef331e, type: 3}
      propertyPath: m_LocalRotation.y
      value: -0.99995375
      objectReference: {fileID: 0}
    - target: {fileID: 6675820215362350317, guid: 852c44aa3ec9bd548b4230b143ef331e, type: 3}
      propertyPath: m_LocalRotation.z
      value: -0
      objectReference: {fileID: 0}
    - target: {fileID: 6675820215362350317, guid: 852c44aa3ec9bd548b4230b143ef331e, type: 3}
      propertyPath: m_LocalEulerAnglesHint.x
      value: 0
      objectReference: {fileID: 0}
    - target: {fileID: 6675820215362350317, guid: 852c44aa3ec9bd548b4230b143ef331e, type: 3}
      propertyPath: m_LocalEulerAnglesHint.y
      value: -181.102
      objectReference: {fileID: 0}
    - target: {fileID: 6675820215362350317, guid: 852c44aa3ec9bd548b4230b143ef331e, type: 3}
      propertyPath: m_LocalEulerAnglesHint.z
      value: 0
      objectReference: {fileID: 0}
    m_RemovedComponents: []
  m_SourcePrefab: {fileID: 100100000, guid: 852c44aa3ec9bd548b4230b143ef331e, type: 3}
--- !u!4 &5645772377754463688 stripped
Transform:
  m_CorrespondingSourceObject: {fileID: 6675820215362350317, guid: 852c44aa3ec9bd548b4230b143ef331e, type: 3}
  m_PrefabInstance: {fileID: 1368134469102272805}
  m_PrefabAsset: {fileID: 0}
--- !u!1001 &1621870352738580241
PrefabInstance:
  m_ObjectHideFlags: 0
  serializedVersion: 2
  m_Modification:
    m_TransformParent: {fileID: 5217305518161285059}
    m_Modifications:
    - target: {fileID: 180870303795482199, guid: 852c44aa3ec9bd548b4230b143ef331e, type: 3}
      propertyPath: m_Mesh
      value: 
      objectReference: {fileID: 0}
    - target: {fileID: 1919695210891170683, guid: 852c44aa3ec9bd548b4230b143ef331e, type: 3}
      propertyPath: m_Mesh
      value: 
      objectReference: {fileID: 0}
    - target: {fileID: 3261166268058261417, guid: 852c44aa3ec9bd548b4230b143ef331e, type: 3}
      propertyPath: m_Mesh
      value: 
      objectReference: {fileID: 0}
    - target: {fileID: 3472404603689892819, guid: 852c44aa3ec9bd548b4230b143ef331e, type: 3}
      propertyPath: m_Name
      value: LargeBlock (6)
      objectReference: {fileID: 0}
    - target: {fileID: 6675820215362350317, guid: 852c44aa3ec9bd548b4230b143ef331e, type: 3}
      propertyPath: m_RootOrder
      value: 1
      objectReference: {fileID: 0}
    - target: {fileID: 6675820215362350317, guid: 852c44aa3ec9bd548b4230b143ef331e, type: 3}
      propertyPath: m_LocalPosition.x
      value: 210.84082
      objectReference: {fileID: 0}
    - target: {fileID: 6675820215362350317, guid: 852c44aa3ec9bd548b4230b143ef331e, type: 3}
      propertyPath: m_LocalPosition.y
      value: -348.63037
      objectReference: {fileID: 0}
    - target: {fileID: 6675820215362350317, guid: 852c44aa3ec9bd548b4230b143ef331e, type: 3}
      propertyPath: m_LocalPosition.z
      value: -51.135742
      objectReference: {fileID: 0}
    - target: {fileID: 6675820215362350317, guid: 852c44aa3ec9bd548b4230b143ef331e, type: 3}
      propertyPath: m_LocalRotation.w
      value: 1
      objectReference: {fileID: 0}
    - target: {fileID: 6675820215362350317, guid: 852c44aa3ec9bd548b4230b143ef331e, type: 3}
      propertyPath: m_LocalRotation.x
      value: -0
      objectReference: {fileID: 0}
    - target: {fileID: 6675820215362350317, guid: 852c44aa3ec9bd548b4230b143ef331e, type: 3}
      propertyPath: m_LocalRotation.y
      value: -0
      objectReference: {fileID: 0}
    - target: {fileID: 6675820215362350317, guid: 852c44aa3ec9bd548b4230b143ef331e, type: 3}
      propertyPath: m_LocalRotation.z
      value: -0
      objectReference: {fileID: 0}
    - target: {fileID: 6675820215362350317, guid: 852c44aa3ec9bd548b4230b143ef331e, type: 3}
      propertyPath: m_LocalEulerAnglesHint.x
      value: 0
      objectReference: {fileID: 0}
    - target: {fileID: 6675820215362350317, guid: 852c44aa3ec9bd548b4230b143ef331e, type: 3}
      propertyPath: m_LocalEulerAnglesHint.y
      value: 0
      objectReference: {fileID: 0}
    - target: {fileID: 6675820215362350317, guid: 852c44aa3ec9bd548b4230b143ef331e, type: 3}
      propertyPath: m_LocalEulerAnglesHint.z
      value: 0
      objectReference: {fileID: 0}
    m_RemovedComponents: []
  m_SourcePrefab: {fileID: 100100000, guid: 852c44aa3ec9bd548b4230b143ef331e, type: 3}
--- !u!4 &5343324572906363900 stripped
Transform:
  m_CorrespondingSourceObject: {fileID: 6675820215362350317, guid: 852c44aa3ec9bd548b4230b143ef331e, type: 3}
  m_PrefabInstance: {fileID: 1621870352738580241}
  m_PrefabAsset: {fileID: 0}
--- !u!1001 &1916200892084834209
PrefabInstance:
  m_ObjectHideFlags: 0
  serializedVersion: 2
  m_Modification:
    m_TransformParent: {fileID: 5217305518161285059}
    m_Modifications:
    - target: {fileID: 180870303795482199, guid: 852c44aa3ec9bd548b4230b143ef331e, type: 3}
      propertyPath: m_Mesh
      value: 
      objectReference: {fileID: 0}
    - target: {fileID: 1919695210891170683, guid: 852c44aa3ec9bd548b4230b143ef331e, type: 3}
      propertyPath: m_Mesh
      value: 
      objectReference: {fileID: 0}
    - target: {fileID: 3261166268058261417, guid: 852c44aa3ec9bd548b4230b143ef331e, type: 3}
      propertyPath: m_Mesh
      value: 
      objectReference: {fileID: 0}
    - target: {fileID: 3472404603689892819, guid: 852c44aa3ec9bd548b4230b143ef331e, type: 3}
      propertyPath: m_Name
      value: LargeBlock (14)
      objectReference: {fileID: 0}
    - target: {fileID: 6675820215362350317, guid: 852c44aa3ec9bd548b4230b143ef331e, type: 3}
      propertyPath: m_RootOrder
      value: 8
      objectReference: {fileID: 0}
    - target: {fileID: 6675820215362350317, guid: 852c44aa3ec9bd548b4230b143ef331e, type: 3}
      propertyPath: m_LocalPosition.x
      value: 199.79077
      objectReference: {fileID: 0}
    - target: {fileID: 6675820215362350317, guid: 852c44aa3ec9bd548b4230b143ef331e, type: 3}
      propertyPath: m_LocalPosition.y
      value: -348.63037
      objectReference: {fileID: 0}
    - target: {fileID: 6675820215362350317, guid: 852c44aa3ec9bd548b4230b143ef331e, type: 3}
      propertyPath: m_LocalPosition.z
      value: 63.072266
      objectReference: {fileID: 0}
    - target: {fileID: 6675820215362350317, guid: 852c44aa3ec9bd548b4230b143ef331e, type: 3}
      propertyPath: m_LocalRotation.w
      value: 0.7075594
      objectReference: {fileID: 0}
    - target: {fileID: 6675820215362350317, guid: 852c44aa3ec9bd548b4230b143ef331e, type: 3}
      propertyPath: m_LocalRotation.x
      value: -0
      objectReference: {fileID: 0}
    - target: {fileID: 6675820215362350317, guid: 852c44aa3ec9bd548b4230b143ef331e, type: 3}
      propertyPath: m_LocalRotation.y
      value: -0.70665395
      objectReference: {fileID: 0}
    - target: {fileID: 6675820215362350317, guid: 852c44aa3ec9bd548b4230b143ef331e, type: 3}
      propertyPath: m_LocalRotation.z
      value: -0
      objectReference: {fileID: 0}
    - target: {fileID: 6675820215362350317, guid: 852c44aa3ec9bd548b4230b143ef331e, type: 3}
      propertyPath: m_LocalEulerAnglesHint.x
      value: 0
      objectReference: {fileID: 0}
    - target: {fileID: 6675820215362350317, guid: 852c44aa3ec9bd548b4230b143ef331e, type: 3}
      propertyPath: m_LocalEulerAnglesHint.y
      value: -89.927
      objectReference: {fileID: 0}
    - target: {fileID: 6675820215362350317, guid: 852c44aa3ec9bd548b4230b143ef331e, type: 3}
      propertyPath: m_LocalEulerAnglesHint.z
      value: 0
      objectReference: {fileID: 0}
    m_RemovedComponents: []
  m_SourcePrefab: {fileID: 100100000, guid: 852c44aa3ec9bd548b4230b143ef331e, type: 3}
--- !u!4 &5058370943979332428 stripped
Transform:
  m_CorrespondingSourceObject: {fileID: 6675820215362350317, guid: 852c44aa3ec9bd548b4230b143ef331e, type: 3}
  m_PrefabInstance: {fileID: 1916200892084834209}
  m_PrefabAsset: {fileID: 0}
--- !u!1001 &2801111187308624173
PrefabInstance:
  m_ObjectHideFlags: 0
  serializedVersion: 2
  m_Modification:
    m_TransformParent: {fileID: 5217305518161285059}
    m_Modifications:
    - target: {fileID: 180870303795482199, guid: 852c44aa3ec9bd548b4230b143ef331e, type: 3}
      propertyPath: m_Mesh
      value: 
      objectReference: {fileID: 0}
    - target: {fileID: 1919695210891170683, guid: 852c44aa3ec9bd548b4230b143ef331e, type: 3}
      propertyPath: m_Mesh
      value: 
      objectReference: {fileID: 0}
    - target: {fileID: 3261166268058261417, guid: 852c44aa3ec9bd548b4230b143ef331e, type: 3}
      propertyPath: m_Mesh
      value: 
      objectReference: {fileID: 0}
    - target: {fileID: 3472404603689892819, guid: 852c44aa3ec9bd548b4230b143ef331e, type: 3}
      propertyPath: m_Name
      value: LargeBlock (8)
      objectReference: {fileID: 0}
    - target: {fileID: 6675820215362350317, guid: 852c44aa3ec9bd548b4230b143ef331e, type: 3}
      propertyPath: m_RootOrder
      value: 14
      objectReference: {fileID: 0}
    - target: {fileID: 6675820215362350317, guid: 852c44aa3ec9bd548b4230b143ef331e, type: 3}
      propertyPath: m_LocalPosition.x
      value: 13.928467
      objectReference: {fileID: 0}
    - target: {fileID: 6675820215362350317, guid: 852c44aa3ec9bd548b4230b143ef331e, type: 3}
      propertyPath: m_LocalPosition.y
      value: -348.63037
      objectReference: {fileID: 0}
    - target: {fileID: 6675820215362350317, guid: 852c44aa3ec9bd548b4230b143ef331e, type: 3}
      propertyPath: m_LocalPosition.z
      value: 251.70972
      objectReference: {fileID: 0}
    - target: {fileID: 6675820215362350317, guid: 852c44aa3ec9bd548b4230b143ef331e, type: 3}
      propertyPath: m_LocalRotation.w
      value: 0.7075594
      objectReference: {fileID: 0}
    - target: {fileID: 6675820215362350317, guid: 852c44aa3ec9bd548b4230b143ef331e, type: 3}
      propertyPath: m_LocalRotation.x
      value: -0
      objectReference: {fileID: 0}
    - target: {fileID: 6675820215362350317, guid: 852c44aa3ec9bd548b4230b143ef331e, type: 3}
      propertyPath: m_LocalRotation.y
      value: -0.70665395
      objectReference: {fileID: 0}
    - target: {fileID: 6675820215362350317, guid: 852c44aa3ec9bd548b4230b143ef331e, type: 3}
      propertyPath: m_LocalRotation.z
      value: -0
      objectReference: {fileID: 0}
    - target: {fileID: 6675820215362350317, guid: 852c44aa3ec9bd548b4230b143ef331e, type: 3}
      propertyPath: m_LocalEulerAnglesHint.x
      value: 0
      objectReference: {fileID: 0}
    - target: {fileID: 6675820215362350317, guid: 852c44aa3ec9bd548b4230b143ef331e, type: 3}
      propertyPath: m_LocalEulerAnglesHint.y
      value: -89.927
      objectReference: {fileID: 0}
    - target: {fileID: 6675820215362350317, guid: 852c44aa3ec9bd548b4230b143ef331e, type: 3}
      propertyPath: m_LocalEulerAnglesHint.z
      value: 0
      objectReference: {fileID: 0}
    m_RemovedComponents: []
  m_SourcePrefab: {fileID: 100100000, guid: 852c44aa3ec9bd548b4230b143ef331e, type: 3}
--- !u!4 &8825591635102160320 stripped
Transform:
  m_CorrespondingSourceObject: {fileID: 6675820215362350317, guid: 852c44aa3ec9bd548b4230b143ef331e, type: 3}
  m_PrefabInstance: {fileID: 2801111187308624173}
  m_PrefabAsset: {fileID: 0}
--- !u!1001 &2988461022915993031
PrefabInstance:
  m_ObjectHideFlags: 0
  serializedVersion: 2
  m_Modification:
    m_TransformParent: {fileID: 5217305518161285059}
    m_Modifications:
    - target: {fileID: 180870303795482199, guid: 852c44aa3ec9bd548b4230b143ef331e, type: 3}
      propertyPath: m_Mesh
      value: 
      objectReference: {fileID: 0}
    - target: {fileID: 1919695210891170683, guid: 852c44aa3ec9bd548b4230b143ef331e, type: 3}
      propertyPath: m_Mesh
      value: 
      objectReference: {fileID: 0}
    - target: {fileID: 3261166268058261417, guid: 852c44aa3ec9bd548b4230b143ef331e, type: 3}
      propertyPath: m_Mesh
      value: 
      objectReference: {fileID: 0}
    - target: {fileID: 3472404603689892819, guid: 852c44aa3ec9bd548b4230b143ef331e, type: 3}
      propertyPath: m_Name
      value: LargeBlock (28)
      objectReference: {fileID: 0}
    - target: {fileID: 6675820215362350317, guid: 852c44aa3ec9bd548b4230b143ef331e, type: 3}
      propertyPath: m_RootOrder
      value: 22
      objectReference: {fileID: 0}
    - target: {fileID: 6675820215362350317, guid: 852c44aa3ec9bd548b4230b143ef331e, type: 3}
      propertyPath: m_LocalPosition.x
      value: -218.41211
      objectReference: {fileID: 0}
    - target: {fileID: 6675820215362350317, guid: 852c44aa3ec9bd548b4230b143ef331e, type: 3}
      propertyPath: m_LocalPosition.y
      value: -348.63037
      objectReference: {fileID: 0}
    - target: {fileID: 6675820215362350317, guid: 852c44aa3ec9bd548b4230b143ef331e, type: 3}
      propertyPath: m_LocalPosition.z
      value: -30.256836
      objectReference: {fileID: 0}
    - target: {fileID: 6675820215362350317, guid: 852c44aa3ec9bd548b4230b143ef331e, type: 3}
      propertyPath: m_LocalRotation.w
      value: -0.72121453
      objectReference: {fileID: 0}
    - target: {fileID: 6675820215362350317, guid: 852c44aa3ec9bd548b4230b143ef331e, type: 3}
      propertyPath: m_LocalRotation.x
      value: -0
      objectReference: {fileID: 0}
    - target: {fileID: 6675820215362350317, guid: 852c44aa3ec9bd548b4230b143ef331e, type: 3}
      propertyPath: m_LocalRotation.y
      value: -0.69271183
      objectReference: {fileID: 0}
    - target: {fileID: 6675820215362350317, guid: 852c44aa3ec9bd548b4230b143ef331e, type: 3}
      propertyPath: m_LocalRotation.z
      value: -0
      objectReference: {fileID: 0}
    - target: {fileID: 6675820215362350317, guid: 852c44aa3ec9bd548b4230b143ef331e, type: 3}
      propertyPath: m_LocalEulerAnglesHint.x
      value: 0
      objectReference: {fileID: 0}
    - target: {fileID: 6675820215362350317, guid: 852c44aa3ec9bd548b4230b143ef331e, type: 3}
      propertyPath: m_LocalEulerAnglesHint.y
      value: -272.31
      objectReference: {fileID: 0}
    - target: {fileID: 6675820215362350317, guid: 852c44aa3ec9bd548b4230b143ef331e, type: 3}
      propertyPath: m_LocalEulerAnglesHint.z
      value: 0
      objectReference: {fileID: 0}
    m_RemovedComponents: []
  m_SourcePrefab: {fileID: 100100000, guid: 852c44aa3ec9bd548b4230b143ef331e, type: 3}
--- !u!4 &8492771205408452906 stripped
Transform:
  m_CorrespondingSourceObject: {fileID: 6675820215362350317, guid: 852c44aa3ec9bd548b4230b143ef331e, type: 3}
  m_PrefabInstance: {fileID: 2988461022915993031}
  m_PrefabAsset: {fileID: 0}
--- !u!1001 &3256239173771252614
PrefabInstance:
  m_ObjectHideFlags: 0
  serializedVersion: 2
  m_Modification:
    m_TransformParent: {fileID: 5217305518161285059}
    m_Modifications:
    - target: {fileID: 180870303795482199, guid: 852c44aa3ec9bd548b4230b143ef331e, type: 3}
      propertyPath: m_Mesh
      value: 
      objectReference: {fileID: 0}
    - target: {fileID: 1919695210891170683, guid: 852c44aa3ec9bd548b4230b143ef331e, type: 3}
      propertyPath: m_Mesh
      value: 
      objectReference: {fileID: 0}
    - target: {fileID: 3261166268058261417, guid: 852c44aa3ec9bd548b4230b143ef331e, type: 3}
      propertyPath: m_Mesh
      value: 
      objectReference: {fileID: 0}
    - target: {fileID: 3472404603689892819, guid: 852c44aa3ec9bd548b4230b143ef331e, type: 3}
      propertyPath: m_Name
      value: LargeBlock (12)
      objectReference: {fileID: 0}
    - target: {fileID: 6675820215362350317, guid: 852c44aa3ec9bd548b4230b143ef331e, type: 3}
      propertyPath: m_RootOrder
      value: 10
      objectReference: {fileID: 0}
    - target: {fileID: 6675820215362350317, guid: 852c44aa3ec9bd548b4230b143ef331e, type: 3}
      propertyPath: m_LocalPosition.x
      value: 167.50366
      objectReference: {fileID: 0}
    - target: {fileID: 6675820215362350317, guid: 852c44aa3ec9bd548b4230b143ef331e, type: 3}
      propertyPath: m_LocalPosition.y
      value: -348.63037
      objectReference: {fileID: 0}
    - target: {fileID: 6675820215362350317, guid: 852c44aa3ec9bd548b4230b143ef331e, type: 3}
      propertyPath: m_LocalPosition.z
      value: 152.11133
      objectReference: {fileID: 0}
    - target: {fileID: 6675820215362350317, guid: 852c44aa3ec9bd548b4230b143ef331e, type: 3}
      propertyPath: m_LocalRotation.w
      value: 0.7075594
      objectReference: {fileID: 0}
    - target: {fileID: 6675820215362350317, guid: 852c44aa3ec9bd548b4230b143ef331e, type: 3}
      propertyPath: m_LocalRotation.x
      value: -0
      objectReference: {fileID: 0}
    - target: {fileID: 6675820215362350317, guid: 852c44aa3ec9bd548b4230b143ef331e, type: 3}
      propertyPath: m_LocalRotation.y
      value: -0.70665395
      objectReference: {fileID: 0}
    - target: {fileID: 6675820215362350317, guid: 852c44aa3ec9bd548b4230b143ef331e, type: 3}
      propertyPath: m_LocalRotation.z
      value: -0
      objectReference: {fileID: 0}
    - target: {fileID: 6675820215362350317, guid: 852c44aa3ec9bd548b4230b143ef331e, type: 3}
      propertyPath: m_LocalEulerAnglesHint.x
      value: 0
      objectReference: {fileID: 0}
    - target: {fileID: 6675820215362350317, guid: 852c44aa3ec9bd548b4230b143ef331e, type: 3}
      propertyPath: m_LocalEulerAnglesHint.y
      value: -89.927
      objectReference: {fileID: 0}
    - target: {fileID: 6675820215362350317, guid: 852c44aa3ec9bd548b4230b143ef331e, type: 3}
      propertyPath: m_LocalEulerAnglesHint.z
      value: 0
      objectReference: {fileID: 0}
    m_RemovedComponents: []
  m_SourcePrefab: {fileID: 100100000, guid: 852c44aa3ec9bd548b4230b143ef331e, type: 3}
--- !u!4 &8184513160134508395 stripped
Transform:
  m_CorrespondingSourceObject: {fileID: 6675820215362350317, guid: 852c44aa3ec9bd548b4230b143ef331e, type: 3}
  m_PrefabInstance: {fileID: 3256239173771252614}
  m_PrefabAsset: {fileID: 0}
--- !u!1001 &3755945222914848200
PrefabInstance:
  m_ObjectHideFlags: 0
  serializedVersion: 2
  m_Modification:
    m_TransformParent: {fileID: 5217305518161285059}
    m_Modifications:
    - target: {fileID: 180870303795482199, guid: 852c44aa3ec9bd548b4230b143ef331e, type: 3}
      propertyPath: m_Mesh
      value: 
      objectReference: {fileID: 0}
    - target: {fileID: 1919695210891170683, guid: 852c44aa3ec9bd548b4230b143ef331e, type: 3}
      propertyPath: m_Mesh
      value: 
      objectReference: {fileID: 0}
    - target: {fileID: 3261166268058261417, guid: 852c44aa3ec9bd548b4230b143ef331e, type: 3}
      propertyPath: m_Mesh
      value: 
      objectReference: {fileID: 0}
    - target: {fileID: 3472404603689892819, guid: 852c44aa3ec9bd548b4230b143ef331e, type: 3}
      propertyPath: m_Name
      value: LargeBlock (15)
      objectReference: {fileID: 0}
    - target: {fileID: 6675820215362350317, guid: 852c44aa3ec9bd548b4230b143ef331e, type: 3}
      propertyPath: m_RootOrder
      value: 21
      objectReference: {fileID: 0}
    - target: {fileID: 6675820215362350317, guid: 852c44aa3ec9bd548b4230b143ef331e, type: 3}
      propertyPath: m_LocalPosition.x
      value: -54.254883
      objectReference: {fileID: 0}
    - target: {fileID: 6675820215362350317, guid: 852c44aa3ec9bd548b4230b143ef331e, type: 3}
      propertyPath: m_LocalPosition.y
      value: -348.63037
      objectReference: {fileID: 0}
    - target: {fileID: 6675820215362350317, guid: 852c44aa3ec9bd548b4230b143ef331e, type: 3}
      propertyPath: m_LocalPosition.z
      value: 226.08057
      objectReference: {fileID: 0}
    - target: {fileID: 6675820215362350317, guid: 852c44aa3ec9bd548b4230b143ef331e, type: 3}
      propertyPath: m_LocalRotation.w
      value: -0.009619439
      objectReference: {fileID: 0}
    - target: {fileID: 6675820215362350317, guid: 852c44aa3ec9bd548b4230b143ef331e, type: 3}
      propertyPath: m_LocalRotation.x
      value: -0
      objectReference: {fileID: 0}
    - target: {fileID: 6675820215362350317, guid: 852c44aa3ec9bd548b4230b143ef331e, type: 3}
      propertyPath: m_LocalRotation.y
      value: -0.99995375
      objectReference: {fileID: 0}
    - target: {fileID: 6675820215362350317, guid: 852c44aa3ec9bd548b4230b143ef331e, type: 3}
      propertyPath: m_LocalRotation.z
      value: -0
      objectReference: {fileID: 0}
    - target: {fileID: 6675820215362350317, guid: 852c44aa3ec9bd548b4230b143ef331e, type: 3}
      propertyPath: m_LocalEulerAnglesHint.x
      value: 0
      objectReference: {fileID: 0}
    - target: {fileID: 6675820215362350317, guid: 852c44aa3ec9bd548b4230b143ef331e, type: 3}
      propertyPath: m_LocalEulerAnglesHint.y
      value: -181.102
      objectReference: {fileID: 0}
    - target: {fileID: 6675820215362350317, guid: 852c44aa3ec9bd548b4230b143ef331e, type: 3}
      propertyPath: m_LocalEulerAnglesHint.z
      value: 0
      objectReference: {fileID: 0}
    m_RemovedComponents: []
  m_SourcePrefab: {fileID: 100100000, guid: 852c44aa3ec9bd548b4230b143ef331e, type: 3}
--- !u!4 &7546497346132072741 stripped
Transform:
  m_CorrespondingSourceObject: {fileID: 6675820215362350317, guid: 852c44aa3ec9bd548b4230b143ef331e, type: 3}
  m_PrefabInstance: {fileID: 3755945222914848200}
  m_PrefabAsset: {fileID: 0}
--- !u!1001 &3991244831257301073
PrefabInstance:
  m_ObjectHideFlags: 0
  serializedVersion: 2
  m_Modification:
    m_TransformParent: {fileID: 5217305518161285059}
    m_Modifications:
    - target: {fileID: 180870303795482199, guid: 852c44aa3ec9bd548b4230b143ef331e, type: 3}
      propertyPath: m_Mesh
      value: 
      objectReference: {fileID: 0}
    - target: {fileID: 1919695210891170683, guid: 852c44aa3ec9bd548b4230b143ef331e, type: 3}
      propertyPath: m_Mesh
      value: 
      objectReference: {fileID: 0}
    - target: {fileID: 3261166268058261417, guid: 852c44aa3ec9bd548b4230b143ef331e, type: 3}
      propertyPath: m_Mesh
      value: 
      objectReference: {fileID: 0}
    - target: {fileID: 3472404603689892819, guid: 852c44aa3ec9bd548b4230b143ef331e, type: 3}
      propertyPath: m_Name
      value: LargeBlock (13)
      objectReference: {fileID: 0}
    - target: {fileID: 6675820215362350317, guid: 852c44aa3ec9bd548b4230b143ef331e, type: 3}
      propertyPath: m_RootOrder
      value: 9
      objectReference: {fileID: 0}
    - target: {fileID: 6675820215362350317, guid: 852c44aa3ec9bd548b4230b143ef331e, type: 3}
      propertyPath: m_LocalPosition.x
      value: 189.54883
      objectReference: {fileID: 0}
    - target: {fileID: 6675820215362350317, guid: 852c44aa3ec9bd548b4230b143ef331e, type: 3}
      propertyPath: m_LocalPosition.y
      value: -348.63037
      objectReference: {fileID: 0}
    - target: {fileID: 6675820215362350317, guid: 852c44aa3ec9bd548b4230b143ef331e, type: 3}
      propertyPath: m_LocalPosition.z
      value: 108.88696
      objectReference: {fileID: 0}
    - target: {fileID: 6675820215362350317, guid: 852c44aa3ec9bd548b4230b143ef331e, type: 3}
      propertyPath: m_LocalRotation.w
      value: 0.7075594
      objectReference: {fileID: 0}
    - target: {fileID: 6675820215362350317, guid: 852c44aa3ec9bd548b4230b143ef331e, type: 3}
      propertyPath: m_LocalRotation.x
      value: -0
      objectReference: {fileID: 0}
    - target: {fileID: 6675820215362350317, guid: 852c44aa3ec9bd548b4230b143ef331e, type: 3}
      propertyPath: m_LocalRotation.y
      value: -0.70665395
      objectReference: {fileID: 0}
    - target: {fileID: 6675820215362350317, guid: 852c44aa3ec9bd548b4230b143ef331e, type: 3}
      propertyPath: m_LocalRotation.z
      value: -0
      objectReference: {fileID: 0}
    - target: {fileID: 6675820215362350317, guid: 852c44aa3ec9bd548b4230b143ef331e, type: 3}
      propertyPath: m_LocalEulerAnglesHint.x
      value: 0
      objectReference: {fileID: 0}
    - target: {fileID: 6675820215362350317, guid: 852c44aa3ec9bd548b4230b143ef331e, type: 3}
      propertyPath: m_LocalEulerAnglesHint.y
      value: -89.927
      objectReference: {fileID: 0}
    - target: {fileID: 6675820215362350317, guid: 852c44aa3ec9bd548b4230b143ef331e, type: 3}
      propertyPath: m_LocalEulerAnglesHint.z
      value: 0
      objectReference: {fileID: 0}
    m_RemovedComponents: []
  m_SourcePrefab: {fileID: 100100000, guid: 852c44aa3ec9bd548b4230b143ef331e, type: 3}
--- !u!4 &7766043155933166780 stripped
Transform:
  m_CorrespondingSourceObject: {fileID: 6675820215362350317, guid: 852c44aa3ec9bd548b4230b143ef331e, type: 3}
  m_PrefabInstance: {fileID: 3991244831257301073}
  m_PrefabAsset: {fileID: 0}
--- !u!1001 &4359177069410704530
PrefabInstance:
  m_ObjectHideFlags: 0
  serializedVersion: 2
  m_Modification:
    m_TransformParent: {fileID: 5217305518161285059}
    m_Modifications:
    - target: {fileID: 180870303795482199, guid: 852c44aa3ec9bd548b4230b143ef331e, type: 3}
      propertyPath: m_Mesh
      value: 
      objectReference: {fileID: 0}
    - target: {fileID: 1919695210891170683, guid: 852c44aa3ec9bd548b4230b143ef331e, type: 3}
      propertyPath: m_Mesh
      value: 
      objectReference: {fileID: 0}
    - target: {fileID: 3261166268058261417, guid: 852c44aa3ec9bd548b4230b143ef331e, type: 3}
      propertyPath: m_Mesh
      value: 
      objectReference: {fileID: 0}
    - target: {fileID: 3472404603689892819, guid: 852c44aa3ec9bd548b4230b143ef331e, type: 3}
      propertyPath: m_Name
      value: LargeBlock (24)
      objectReference: {fileID: 0}
    - target: {fileID: 6675820215362350317, guid: 852c44aa3ec9bd548b4230b143ef331e, type: 3}
      propertyPath: m_RootOrder
      value: 26
      objectReference: {fileID: 0}
    - target: {fileID: 6675820215362350317, guid: 852c44aa3ec9bd548b4230b143ef331e, type: 3}
      propertyPath: m_LocalPosition.x
      value: -116.194824
      objectReference: {fileID: 0}
    - target: {fileID: 6675820215362350317, guid: 852c44aa3ec9bd548b4230b143ef331e, type: 3}
      propertyPath: m_LocalPosition.y
      value: -348.63037
      objectReference: {fileID: 0}
    - target: {fileID: 6675820215362350317, guid: 852c44aa3ec9bd548b4230b143ef331e, type: 3}
      propertyPath: m_LocalPosition.z
      value: -182.35938
      objectReference: {fileID: 0}
    - target: {fileID: 6675820215362350317, guid: 852c44aa3ec9bd548b4230b143ef331e, type: 3}
      propertyPath: m_LocalRotation.w
      value: -0.72121453
      objectReference: {fileID: 0}
    - target: {fileID: 6675820215362350317, guid: 852c44aa3ec9bd548b4230b143ef331e, type: 3}
      propertyPath: m_LocalRotation.x
      value: -0
      objectReference: {fileID: 0}
    - target: {fileID: 6675820215362350317, guid: 852c44aa3ec9bd548b4230b143ef331e, type: 3}
      propertyPath: m_LocalRotation.y
      value: -0.69271183
      objectReference: {fileID: 0}
    - target: {fileID: 6675820215362350317, guid: 852c44aa3ec9bd548b4230b143ef331e, type: 3}
      propertyPath: m_LocalRotation.z
      value: -0
      objectReference: {fileID: 0}
    - target: {fileID: 6675820215362350317, guid: 852c44aa3ec9bd548b4230b143ef331e, type: 3}
      propertyPath: m_LocalEulerAnglesHint.x
      value: 0
      objectReference: {fileID: 0}
    - target: {fileID: 6675820215362350317, guid: 852c44aa3ec9bd548b4230b143ef331e, type: 3}
      propertyPath: m_LocalEulerAnglesHint.y
      value: -272.31
      objectReference: {fileID: 0}
    - target: {fileID: 6675820215362350317, guid: 852c44aa3ec9bd548b4230b143ef331e, type: 3}
      propertyPath: m_LocalEulerAnglesHint.z
      value: 0
      objectReference: {fileID: 0}
    m_RemovedComponents: []
  m_SourcePrefab: {fileID: 100100000, guid: 852c44aa3ec9bd548b4230b143ef331e, type: 3}
--- !u!4 &6979364940801618047 stripped
Transform:
  m_CorrespondingSourceObject: {fileID: 6675820215362350317, guid: 852c44aa3ec9bd548b4230b143ef331e, type: 3}
  m_PrefabInstance: {fileID: 4359177069410704530}
  m_PrefabAsset: {fileID: 0}
--- !u!1001 &4365440432258803329
PrefabInstance:
  m_ObjectHideFlags: 0
  serializedVersion: 2
  m_Modification:
    m_TransformParent: {fileID: 5217305518161285059}
    m_Modifications:
    - target: {fileID: 180870303795482199, guid: 852c44aa3ec9bd548b4230b143ef331e, type: 3}
      propertyPath: m_Mesh
      value: 
      objectReference: {fileID: 0}
    - target: {fileID: 1919695210891170683, guid: 852c44aa3ec9bd548b4230b143ef331e, type: 3}
      propertyPath: m_Mesh
      value: 
      objectReference: {fileID: 0}
    - target: {fileID: 3261166268058261417, guid: 852c44aa3ec9bd548b4230b143ef331e, type: 3}
      propertyPath: m_Mesh
      value: 
      objectReference: {fileID: 0}
    - target: {fileID: 3472404603689892819, guid: 852c44aa3ec9bd548b4230b143ef331e, type: 3}
      propertyPath: m_Name
      value: LargeBlock (26)
      objectReference: {fileID: 0}
    - target: {fileID: 6675820215362350317, guid: 852c44aa3ec9bd548b4230b143ef331e, type: 3}
      propertyPath: m_RootOrder
      value: 24
      objectReference: {fileID: 0}
    - target: {fileID: 6675820215362350317, guid: 852c44aa3ec9bd548b4230b143ef331e, type: 3}
      propertyPath: m_LocalPosition.x
      value: -182.44922
      objectReference: {fileID: 0}
    - target: {fileID: 6675820215362350317, guid: 852c44aa3ec9bd548b4230b143ef331e, type: 3}
      propertyPath: m_LocalPosition.y
      value: -348.63037
      objectReference: {fileID: 0}
    - target: {fileID: 6675820215362350317, guid: 852c44aa3ec9bd548b4230b143ef331e, type: 3}
      propertyPath: m_LocalPosition.z
      value: -117.87793
      objectReference: {fileID: 0}
    - target: {fileID: 6675820215362350317, guid: 852c44aa3ec9bd548b4230b143ef331e, type: 3}
      propertyPath: m_LocalRotation.w
      value: -0.72121453
      objectReference: {fileID: 0}
    - target: {fileID: 6675820215362350317, guid: 852c44aa3ec9bd548b4230b143ef331e, type: 3}
      propertyPath: m_LocalRotation.x
      value: -0
      objectReference: {fileID: 0}
    - target: {fileID: 6675820215362350317, guid: 852c44aa3ec9bd548b4230b143ef331e, type: 3}
      propertyPath: m_LocalRotation.y
      value: -0.69271183
      objectReference: {fileID: 0}
    - target: {fileID: 6675820215362350317, guid: 852c44aa3ec9bd548b4230b143ef331e, type: 3}
      propertyPath: m_LocalRotation.z
      value: -0
      objectReference: {fileID: 0}
    - target: {fileID: 6675820215362350317, guid: 852c44aa3ec9bd548b4230b143ef331e, type: 3}
      propertyPath: m_LocalEulerAnglesHint.x
      value: 0
      objectReference: {fileID: 0}
    - target: {fileID: 6675820215362350317, guid: 852c44aa3ec9bd548b4230b143ef331e, type: 3}
      propertyPath: m_LocalEulerAnglesHint.y
      value: -272.31
      objectReference: {fileID: 0}
    - target: {fileID: 6675820215362350317, guid: 852c44aa3ec9bd548b4230b143ef331e, type: 3}
      propertyPath: m_LocalEulerAnglesHint.z
      value: 0
      objectReference: {fileID: 0}
    m_RemovedComponents: []
  m_SourcePrefab: {fileID: 100100000, guid: 852c44aa3ec9bd548b4230b143ef331e, type: 3}
--- !u!4 &6931162886024890988 stripped
Transform:
  m_CorrespondingSourceObject: {fileID: 6675820215362350317, guid: 852c44aa3ec9bd548b4230b143ef331e, type: 3}
  m_PrefabInstance: {fileID: 4365440432258803329}
  m_PrefabAsset: {fileID: 0}
--- !u!1001 &4400908043425582086
PrefabInstance:
  m_ObjectHideFlags: 0
  serializedVersion: 2
  m_Modification:
    m_TransformParent: {fileID: 5217305518161285059}
    m_Modifications:
    - target: {fileID: 180870303795482199, guid: 852c44aa3ec9bd548b4230b143ef331e, type: 3}
      propertyPath: m_Mesh
      value: 
      objectReference: {fileID: 0}
    - target: {fileID: 1919695210891170683, guid: 852c44aa3ec9bd548b4230b143ef331e, type: 3}
      propertyPath: m_Mesh
      value: 
      objectReference: {fileID: 0}
    - target: {fileID: 3261166268058261417, guid: 852c44aa3ec9bd548b4230b143ef331e, type: 3}
      propertyPath: m_Mesh
      value: 
      objectReference: {fileID: 0}
    - target: {fileID: 3472404603689892819, guid: 852c44aa3ec9bd548b4230b143ef331e, type: 3}
      propertyPath: m_Name
      value: LargeBlock
      objectReference: {fileID: 0}
    - target: {fileID: 6675820215362350317, guid: 852c44aa3ec9bd548b4230b143ef331e, type: 3}
      propertyPath: m_RootOrder
      value: 7
      objectReference: {fileID: 0}
    - target: {fileID: 6675820215362350317, guid: 852c44aa3ec9bd548b4230b143ef331e, type: 3}
      propertyPath: m_LocalPosition.x
      value: -12.380127
      objectReference: {fileID: 0}
    - target: {fileID: 6675820215362350317, guid: 852c44aa3ec9bd548b4230b143ef331e, type: 3}
      propertyPath: m_LocalPosition.y
      value: -348.63037
      objectReference: {fileID: 0}
    - target: {fileID: 6675820215362350317, guid: 852c44aa3ec9bd548b4230b143ef331e, type: 3}
      propertyPath: m_LocalPosition.z
      value: -193.16309
      objectReference: {fileID: 0}
    - target: {fileID: 6675820215362350317, guid: 852c44aa3ec9bd548b4230b143ef331e, type: 3}
      propertyPath: m_LocalRotation.w
      value: 1
      objectReference: {fileID: 0}
    - target: {fileID: 6675820215362350317, guid: 852c44aa3ec9bd548b4230b143ef331e, type: 3}
      propertyPath: m_LocalRotation.x
      value: -0
      objectReference: {fileID: 0}
    - target: {fileID: 6675820215362350317, guid: 852c44aa3ec9bd548b4230b143ef331e, type: 3}
      propertyPath: m_LocalRotation.y
      value: -0
      objectReference: {fileID: 0}
    - target: {fileID: 6675820215362350317, guid: 852c44aa3ec9bd548b4230b143ef331e, type: 3}
      propertyPath: m_LocalRotation.z
      value: -0
      objectReference: {fileID: 0}
    - target: {fileID: 6675820215362350317, guid: 852c44aa3ec9bd548b4230b143ef331e, type: 3}
      propertyPath: m_LocalEulerAnglesHint.x
      value: 0
      objectReference: {fileID: 0}
    - target: {fileID: 6675820215362350317, guid: 852c44aa3ec9bd548b4230b143ef331e, type: 3}
      propertyPath: m_LocalEulerAnglesHint.y
      value: 0
      objectReference: {fileID: 0}
    - target: {fileID: 6675820215362350317, guid: 852c44aa3ec9bd548b4230b143ef331e, type: 3}
      propertyPath: m_LocalEulerAnglesHint.z
      value: 0
      objectReference: {fileID: 0}
    m_RemovedComponents: []
  m_SourcePrefab: {fileID: 100100000, guid: 852c44aa3ec9bd548b4230b143ef331e, type: 3}
--- !u!4 &7040935540207771883 stripped
Transform:
  m_CorrespondingSourceObject: {fileID: 6675820215362350317, guid: 852c44aa3ec9bd548b4230b143ef331e, type: 3}
  m_PrefabInstance: {fileID: 4400908043425582086}
  m_PrefabAsset: {fileID: 0}
--- !u!1001 &5169804915901149495
PrefabInstance:
  m_ObjectHideFlags: 0
  serializedVersion: 2
  m_Modification:
    m_TransformParent: {fileID: 5217305518161285059}
    m_Modifications:
    - target: {fileID: 180870303795482199, guid: 852c44aa3ec9bd548b4230b143ef331e, type: 3}
      propertyPath: m_Mesh
      value: 
      objectReference: {fileID: 0}
    - target: {fileID: 1919695210891170683, guid: 852c44aa3ec9bd548b4230b143ef331e, type: 3}
      propertyPath: m_Mesh
      value: 
      objectReference: {fileID: 0}
    - target: {fileID: 3261166268058261417, guid: 852c44aa3ec9bd548b4230b143ef331e, type: 3}
      propertyPath: m_Mesh
      value: 
      objectReference: {fileID: 0}
    - target: {fileID: 3472404603689892819, guid: 852c44aa3ec9bd548b4230b143ef331e, type: 3}
      propertyPath: m_Name
      value: LargeBlock (4)
      objectReference: {fileID: 0}
    - target: {fileID: 6675820215362350317, guid: 852c44aa3ec9bd548b4230b143ef331e, type: 3}
      propertyPath: m_RootOrder
      value: 3
      objectReference: {fileID: 0}
    - target: {fileID: 6675820215362350317, guid: 852c44aa3ec9bd548b4230b143ef331e, type: 3}
      propertyPath: m_LocalPosition.x
      value: 159.45581
      objectReference: {fileID: 0}
    - target: {fileID: 6675820215362350317, guid: 852c44aa3ec9bd548b4230b143ef331e, type: 3}
      propertyPath: m_LocalPosition.y
      value: -348.63037
      objectReference: {fileID: 0}
    - target: {fileID: 6675820215362350317, guid: 852c44aa3ec9bd548b4230b143ef331e, type: 3}
      propertyPath: m_LocalPosition.z
      value: -127.36621
      objectReference: {fileID: 0}
    - target: {fileID: 6675820215362350317, guid: 852c44aa3ec9bd548b4230b143ef331e, type: 3}
      propertyPath: m_LocalRotation.w
      value: 1
      objectReference: {fileID: 0}
    - target: {fileID: 6675820215362350317, guid: 852c44aa3ec9bd548b4230b143ef331e, type: 3}
      propertyPath: m_LocalRotation.x
      value: -0
      objectReference: {fileID: 0}
    - target: {fileID: 6675820215362350317, guid: 852c44aa3ec9bd548b4230b143ef331e, type: 3}
      propertyPath: m_LocalRotation.y
      value: -0
      objectReference: {fileID: 0}
    - target: {fileID: 6675820215362350317, guid: 852c44aa3ec9bd548b4230b143ef331e, type: 3}
      propertyPath: m_LocalRotation.z
      value: -0
      objectReference: {fileID: 0}
    - target: {fileID: 6675820215362350317, guid: 852c44aa3ec9bd548b4230b143ef331e, type: 3}
      propertyPath: m_LocalEulerAnglesHint.x
      value: 0
      objectReference: {fileID: 0}
    - target: {fileID: 6675820215362350317, guid: 852c44aa3ec9bd548b4230b143ef331e, type: 3}
      propertyPath: m_LocalEulerAnglesHint.y
      value: 0
      objectReference: {fileID: 0}
    - target: {fileID: 6675820215362350317, guid: 852c44aa3ec9bd548b4230b143ef331e, type: 3}
      propertyPath: m_LocalEulerAnglesHint.z
      value: 0
      objectReference: {fileID: 0}
    m_RemovedComponents: []
  m_SourcePrefab: {fileID: 100100000, guid: 852c44aa3ec9bd548b4230b143ef331e, type: 3}
--- !u!4 &1953314513961901530 stripped
Transform:
  m_CorrespondingSourceObject: {fileID: 6675820215362350317, guid: 852c44aa3ec9bd548b4230b143ef331e, type: 3}
  m_PrefabInstance: {fileID: 5169804915901149495}
  m_PrefabAsset: {fileID: 0}
--- !u!1001 &5347325767877913743
PrefabInstance:
  m_ObjectHideFlags: 0
  serializedVersion: 2
  m_Modification:
    m_TransformParent: {fileID: 5217305518161285059}
    m_Modifications:
    - target: {fileID: 180870303795482199, guid: 852c44aa3ec9bd548b4230b143ef331e, type: 3}
      propertyPath: m_Mesh
      value: 
      objectReference: {fileID: 0}
    - target: {fileID: 1919695210891170683, guid: 852c44aa3ec9bd548b4230b143ef331e, type: 3}
      propertyPath: m_Mesh
      value: 
      objectReference: {fileID: 0}
    - target: {fileID: 3261166268058261417, guid: 852c44aa3ec9bd548b4230b143ef331e, type: 3}
      propertyPath: m_Mesh
      value: 
      objectReference: {fileID: 0}
    - target: {fileID: 3472404603689892819, guid: 852c44aa3ec9bd548b4230b143ef331e, type: 3}
      propertyPath: m_Name
      value: LargeBlock (27)
      objectReference: {fileID: 0}
    - target: {fileID: 6675820215362350317, guid: 852c44aa3ec9bd548b4230b143ef331e, type: 3}
      propertyPath: m_RootOrder
      value: 23
      objectReference: {fileID: 0}
    - target: {fileID: 6675820215362350317, guid: 852c44aa3ec9bd548b4230b143ef331e, type: 3}
      propertyPath: m_LocalPosition.x
      value: -206.2727
      objectReference: {fileID: 0}
    - target: {fileID: 6675820215362350317, guid: 852c44aa3ec9bd548b4230b143ef331e, type: 3}
      propertyPath: m_LocalPosition.y
      value: -348.63037
      objectReference: {fileID: 0}
    - target: {fileID: 6675820215362350317, guid: 852c44aa3ec9bd548b4230b143ef331e, type: 3}
      propertyPath: m_LocalPosition.z
      value: -75.604004
      objectReference: {fileID: 0}
    - target: {fileID: 6675820215362350317, guid: 852c44aa3ec9bd548b4230b143ef331e, type: 3}
      propertyPath: m_LocalRotation.w
      value: -0.72121453
      objectReference: {fileID: 0}
    - target: {fileID: 6675820215362350317, guid: 852c44aa3ec9bd548b4230b143ef331e, type: 3}
      propertyPath: m_LocalRotation.x
      value: -0
      objectReference: {fileID: 0}
    - target: {fileID: 6675820215362350317, guid: 852c44aa3ec9bd548b4230b143ef331e, type: 3}
      propertyPath: m_LocalRotation.y
      value: -0.69271183
      objectReference: {fileID: 0}
    - target: {fileID: 6675820215362350317, guid: 852c44aa3ec9bd548b4230b143ef331e, type: 3}
      propertyPath: m_LocalRotation.z
      value: -0
      objectReference: {fileID: 0}
    - target: {fileID: 6675820215362350317, guid: 852c44aa3ec9bd548b4230b143ef331e, type: 3}
      propertyPath: m_LocalEulerAnglesHint.x
      value: 0
      objectReference: {fileID: 0}
    - target: {fileID: 6675820215362350317, guid: 852c44aa3ec9bd548b4230b143ef331e, type: 3}
      propertyPath: m_LocalEulerAnglesHint.y
      value: -272.31
      objectReference: {fileID: 0}
    - target: {fileID: 6675820215362350317, guid: 852c44aa3ec9bd548b4230b143ef331e, type: 3}
      propertyPath: m_LocalEulerAnglesHint.z
      value: 0
      objectReference: {fileID: 0}
    m_RemovedComponents: []
  m_SourcePrefab: {fileID: 100100000, guid: 852c44aa3ec9bd548b4230b143ef331e, type: 3}
--- !u!4 &1626014325341454434 stripped
Transform:
  m_CorrespondingSourceObject: {fileID: 6675820215362350317, guid: 852c44aa3ec9bd548b4230b143ef331e, type: 3}
  m_PrefabInstance: {fileID: 5347325767877913743}
  m_PrefabAsset: {fileID: 0}
--- !u!1001 &5375540165244194564
PrefabInstance:
  m_ObjectHideFlags: 0
  serializedVersion: 2
  m_Modification:
    m_TransformParent: {fileID: 5217305518161285059}
    m_Modifications:
    - target: {fileID: 180870303795482199, guid: 852c44aa3ec9bd548b4230b143ef331e, type: 3}
      propertyPath: m_Mesh
      value: 
      objectReference: {fileID: 0}
    - target: {fileID: 1919695210891170683, guid: 852c44aa3ec9bd548b4230b143ef331e, type: 3}
      propertyPath: m_Mesh
      value: 
      objectReference: {fileID: 0}
    - target: {fileID: 3261166268058261417, guid: 852c44aa3ec9bd548b4230b143ef331e, type: 3}
      propertyPath: m_Mesh
      value: 
      objectReference: {fileID: 0}
    - target: {fileID: 3472404603689892819, guid: 852c44aa3ec9bd548b4230b143ef331e, type: 3}
      propertyPath: m_Name
      value: LargeBlock (25)
      objectReference: {fileID: 0}
    - target: {fileID: 6675820215362350317, guid: 852c44aa3ec9bd548b4230b143ef331e, type: 3}
      propertyPath: m_RootOrder
      value: 25
      objectReference: {fileID: 0}
    - target: {fileID: 6675820215362350317, guid: 852c44aa3ec9bd548b4230b143ef331e, type: 3}
      propertyPath: m_LocalPosition.x
      value: -150.79639
      objectReference: {fileID: 0}
    - target: {fileID: 6675820215362350317, guid: 852c44aa3ec9bd548b4230b143ef331e, type: 3}
      propertyPath: m_LocalPosition.y
      value: -348.63037
      objectReference: {fileID: 0}
    - target: {fileID: 6675820215362350317, guid: 852c44aa3ec9bd548b4230b143ef331e, type: 3}
      propertyPath: m_LocalPosition.z
      value: -152.78857
      objectReference: {fileID: 0}
    - target: {fileID: 6675820215362350317, guid: 852c44aa3ec9bd548b4230b143ef331e, type: 3}
      propertyPath: m_LocalRotation.w
      value: -0.72121453
      objectReference: {fileID: 0}
    - target: {fileID: 6675820215362350317, guid: 852c44aa3ec9bd548b4230b143ef331e, type: 3}
      propertyPath: m_LocalRotation.x
      value: -0
      objectReference: {fileID: 0}
    - target: {fileID: 6675820215362350317, guid: 852c44aa3ec9bd548b4230b143ef331e, type: 3}
      propertyPath: m_LocalRotation.y
      value: -0.69271183
      objectReference: {fileID: 0}
    - target: {fileID: 6675820215362350317, guid: 852c44aa3ec9bd548b4230b143ef331e, type: 3}
      propertyPath: m_LocalRotation.z
      value: -0
      objectReference: {fileID: 0}
    - target: {fileID: 6675820215362350317, guid: 852c44aa3ec9bd548b4230b143ef331e, type: 3}
      propertyPath: m_LocalEulerAnglesHint.x
      value: 0
      objectReference: {fileID: 0}
    - target: {fileID: 6675820215362350317, guid: 852c44aa3ec9bd548b4230b143ef331e, type: 3}
      propertyPath: m_LocalEulerAnglesHint.y
      value: -272.31
      objectReference: {fileID: 0}
    - target: {fileID: 6675820215362350317, guid: 852c44aa3ec9bd548b4230b143ef331e, type: 3}
      propertyPath: m_LocalEulerAnglesHint.z
      value: 0
      objectReference: {fileID: 0}
    m_RemovedComponents: []
  m_SourcePrefab: {fileID: 100100000, guid: 852c44aa3ec9bd548b4230b143ef331e, type: 3}
--- !u!4 &1602303249890862057 stripped
Transform:
  m_CorrespondingSourceObject: {fileID: 6675820215362350317, guid: 852c44aa3ec9bd548b4230b143ef331e, type: 3}
  m_PrefabInstance: {fileID: 5375540165244194564}
  m_PrefabAsset: {fileID: 0}
--- !u!1001 &5401972375845382341
PrefabInstance:
  m_ObjectHideFlags: 0
  serializedVersion: 2
  m_Modification:
    m_TransformParent: {fileID: 5217305518161285059}
    m_Modifications:
    - target: {fileID: 180870303795482199, guid: 852c44aa3ec9bd548b4230b143ef331e, type: 3}
      propertyPath: m_Mesh
      value: 
      objectReference: {fileID: 0}
    - target: {fileID: 1919695210891170683, guid: 852c44aa3ec9bd548b4230b143ef331e, type: 3}
      propertyPath: m_Mesh
      value: 
      objectReference: {fileID: 0}
    - target: {fileID: 3261166268058261417, guid: 852c44aa3ec9bd548b4230b143ef331e, type: 3}
      propertyPath: m_Mesh
      value: 
      objectReference: {fileID: 0}
    - target: {fileID: 3472404603689892819, guid: 852c44aa3ec9bd548b4230b143ef331e, type: 3}
      propertyPath: m_Name
      value: LargeBlock (3)
      objectReference: {fileID: 0}
    - target: {fileID: 6675820215362350317, guid: 852c44aa3ec9bd548b4230b143ef331e, type: 3}
      propertyPath: m_RootOrder
      value: 4
      objectReference: {fileID: 0}
    - target: {fileID: 6675820215362350317, guid: 852c44aa3ec9bd548b4230b143ef331e, type: 3}
      propertyPath: m_LocalPosition.x
      value: 123.30371
      objectReference: {fileID: 0}
    - target: {fileID: 6675820215362350317, guid: 852c44aa3ec9bd548b4230b143ef331e, type: 3}
      propertyPath: m_LocalPosition.y
      value: -348.63037
      objectReference: {fileID: 0}
    - target: {fileID: 6675820215362350317, guid: 852c44aa3ec9bd548b4230b143ef331e, type: 3}
      propertyPath: m_LocalPosition.z
      value: -157.58838
      objectReference: {fileID: 0}
    - target: {fileID: 6675820215362350317, guid: 852c44aa3ec9bd548b4230b143ef331e, type: 3}
      propertyPath: m_LocalRotation.w
      value: 1
      objectReference: {fileID: 0}
    - target: {fileID: 6675820215362350317, guid: 852c44aa3ec9bd548b4230b143ef331e, type: 3}
      propertyPath: m_LocalRotation.x
      value: -0
      objectReference: {fileID: 0}
    - target: {fileID: 6675820215362350317, guid: 852c44aa3ec9bd548b4230b143ef331e, type: 3}
      propertyPath: m_LocalRotation.y
      value: -0
      objectReference: {fileID: 0}
    - target: {fileID: 6675820215362350317, guid: 852c44aa3ec9bd548b4230b143ef331e, type: 3}
      propertyPath: m_LocalRotation.z
      value: -0
      objectReference: {fileID: 0}
    - target: {fileID: 6675820215362350317, guid: 852c44aa3ec9bd548b4230b143ef331e, type: 3}
      propertyPath: m_LocalEulerAnglesHint.x
      value: 0
      objectReference: {fileID: 0}
    - target: {fileID: 6675820215362350317, guid: 852c44aa3ec9bd548b4230b143ef331e, type: 3}
      propertyPath: m_LocalEulerAnglesHint.y
      value: 0
      objectReference: {fileID: 0}
    - target: {fileID: 6675820215362350317, guid: 852c44aa3ec9bd548b4230b143ef331e, type: 3}
      propertyPath: m_LocalEulerAnglesHint.z
      value: 0
      objectReference: {fileID: 0}
    m_RemovedComponents: []
  m_SourcePrefab: {fileID: 100100000, guid: 852c44aa3ec9bd548b4230b143ef331e, type: 3}
--- !u!4 &1608610099817333800 stripped
Transform:
  m_CorrespondingSourceObject: {fileID: 6675820215362350317, guid: 852c44aa3ec9bd548b4230b143ef331e, type: 3}
  m_PrefabInstance: {fileID: 5401972375845382341}
  m_PrefabAsset: {fileID: 0}
--- !u!1001 &6000888608694334871
PrefabInstance:
  m_ObjectHideFlags: 0
  serializedVersion: 2
  m_Modification:
    m_TransformParent: {fileID: 5217305518161285059}
    m_Modifications:
    - target: {fileID: 180870303795482199, guid: 852c44aa3ec9bd548b4230b143ef331e, type: 3}
      propertyPath: m_Mesh
      value: 
      objectReference: {fileID: 0}
    - target: {fileID: 1919695210891170683, guid: 852c44aa3ec9bd548b4230b143ef331e, type: 3}
      propertyPath: m_Mesh
      value: 
      objectReference: {fileID: 0}
    - target: {fileID: 3261166268058261417, guid: 852c44aa3ec9bd548b4230b143ef331e, type: 3}
      propertyPath: m_Mesh
      value: 
      objectReference: {fileID: 0}
    - target: {fileID: 3472404603689892819, guid: 852c44aa3ec9bd548b4230b143ef331e, type: 3}
      propertyPath: m_Name
      value: LargeBlock (5)
      objectReference: {fileID: 0}
    - target: {fileID: 6675820215362350317, guid: 852c44aa3ec9bd548b4230b143ef331e, type: 3}
      propertyPath: m_RootOrder
      value: 2
      objectReference: {fileID: 0}
    - target: {fileID: 6675820215362350317, guid: 852c44aa3ec9bd548b4230b143ef331e, type: 3}
      propertyPath: m_LocalPosition.x
      value: 190.40356
      objectReference: {fileID: 0}
    - target: {fileID: 6675820215362350317, guid: 852c44aa3ec9bd548b4230b143ef331e, type: 3}
      propertyPath: m_LocalPosition.y
      value: -348.63037
      objectReference: {fileID: 0}
    - target: {fileID: 6675820215362350317, guid: 852c44aa3ec9bd548b4230b143ef331e, type: 3}
      propertyPath: m_LocalPosition.z
      value: -93.98877
      objectReference: {fileID: 0}
    - target: {fileID: 6675820215362350317, guid: 852c44aa3ec9bd548b4230b143ef331e, type: 3}
      propertyPath: m_LocalRotation.w
      value: 1
      objectReference: {fileID: 0}
    - target: {fileID: 6675820215362350317, guid: 852c44aa3ec9bd548b4230b143ef331e, type: 3}
      propertyPath: m_LocalRotation.x
      value: -0
      objectReference: {fileID: 0}
    - target: {fileID: 6675820215362350317, guid: 852c44aa3ec9bd548b4230b143ef331e, type: 3}
      propertyPath: m_LocalRotation.y
      value: -0
      objectReference: {fileID: 0}
    - target: {fileID: 6675820215362350317, guid: 852c44aa3ec9bd548b4230b143ef331e, type: 3}
      propertyPath: m_LocalRotation.z
      value: -0
      objectReference: {fileID: 0}
    - target: {fileID: 6675820215362350317, guid: 852c44aa3ec9bd548b4230b143ef331e, type: 3}
      propertyPath: m_LocalEulerAnglesHint.x
      value: 0
      objectReference: {fileID: 0}
    - target: {fileID: 6675820215362350317, guid: 852c44aa3ec9bd548b4230b143ef331e, type: 3}
      propertyPath: m_LocalEulerAnglesHint.y
      value: 0
      objectReference: {fileID: 0}
    - target: {fileID: 6675820215362350317, guid: 852c44aa3ec9bd548b4230b143ef331e, type: 3}
      propertyPath: m_LocalEulerAnglesHint.z
      value: 0
      objectReference: {fileID: 0}
    m_RemovedComponents: []
  m_SourcePrefab: {fileID: 100100000, guid: 852c44aa3ec9bd548b4230b143ef331e, type: 3}
--- !u!4 &1144538247748295034 stripped
Transform:
  m_CorrespondingSourceObject: {fileID: 6675820215362350317, guid: 852c44aa3ec9bd548b4230b143ef331e, type: 3}
  m_PrefabInstance: {fileID: 6000888608694334871}
  m_PrefabAsset: {fileID: 0}
--- !u!1001 &6618028209536696390
PrefabInstance:
  m_ObjectHideFlags: 0
  serializedVersion: 2
  m_Modification:
    m_TransformParent: {fileID: 5217305518161285059}
    m_Modifications:
    - target: {fileID: 180870303795482199, guid: 852c44aa3ec9bd548b4230b143ef331e, type: 3}
      propertyPath: m_Mesh
      value: 
      objectReference: {fileID: 0}
    - target: {fileID: 1919695210891170683, guid: 852c44aa3ec9bd548b4230b143ef331e, type: 3}
      propertyPath: m_Mesh
      value: 
      objectReference: {fileID: 0}
    - target: {fileID: 3261166268058261417, guid: 852c44aa3ec9bd548b4230b143ef331e, type: 3}
      propertyPath: m_Mesh
      value: 
      objectReference: {fileID: 0}
    - target: {fileID: 3472404603689892819, guid: 852c44aa3ec9bd548b4230b143ef331e, type: 3}
      propertyPath: m_Name
      value: LargeBlock (23)
      objectReference: {fileID: 0}
    - target: {fileID: 6675820215362350317, guid: 852c44aa3ec9bd548b4230b143ef331e, type: 3}
      propertyPath: m_RootOrder
      value: 27
      objectReference: {fileID: 0}
    - target: {fileID: 6675820215362350317, guid: 852c44aa3ec9bd548b4230b143ef331e, type: 3}
      propertyPath: m_LocalPosition.x
      value: -72.55542
      objectReference: {fileID: 0}
    - target: {fileID: 6675820215362350317, guid: 852c44aa3ec9bd548b4230b143ef331e, type: 3}
      propertyPath: m_LocalPosition.y
      value: -348.63037
      objectReference: {fileID: 0}
    - target: {fileID: 6675820215362350317, guid: 852c44aa3ec9bd548b4230b143ef331e, type: 3}
      propertyPath: m_LocalPosition.z
      value: -201.05371
      objectReference: {fileID: 0}
    - target: {fileID: 6675820215362350317, guid: 852c44aa3ec9bd548b4230b143ef331e, type: 3}
      propertyPath: m_LocalRotation.w
      value: -0.72121453
      objectReference: {fileID: 0}
    - target: {fileID: 6675820215362350317, guid: 852c44aa3ec9bd548b4230b143ef331e, type: 3}
      propertyPath: m_LocalRotation.x
      value: -0
      objectReference: {fileID: 0}
    - target: {fileID: 6675820215362350317, guid: 852c44aa3ec9bd548b4230b143ef331e, type: 3}
      propertyPath: m_LocalRotation.y
      value: -0.69271183
      objectReference: {fileID: 0}
    - target: {fileID: 6675820215362350317, guid: 852c44aa3ec9bd548b4230b143ef331e, type: 3}
      propertyPath: m_LocalRotation.z
      value: -0
      objectReference: {fileID: 0}
    - target: {fileID: 6675820215362350317, guid: 852c44aa3ec9bd548b4230b143ef331e, type: 3}
      propertyPath: m_LocalEulerAnglesHint.x
      value: 0
      objectReference: {fileID: 0}
    - target: {fileID: 6675820215362350317, guid: 852c44aa3ec9bd548b4230b143ef331e, type: 3}
      propertyPath: m_LocalEulerAnglesHint.y
      value: -272.31
      objectReference: {fileID: 0}
    - target: {fileID: 6675820215362350317, guid: 852c44aa3ec9bd548b4230b143ef331e, type: 3}
      propertyPath: m_LocalEulerAnglesHint.z
      value: 0
      objectReference: {fileID: 0}
    m_RemovedComponents: []
  m_SourcePrefab: {fileID: 100100000, guid: 852c44aa3ec9bd548b4230b143ef331e, type: 3}
--- !u!4 &536687611787898027 stripped
Transform:
  m_CorrespondingSourceObject: {fileID: 6675820215362350317, guid: 852c44aa3ec9bd548b4230b143ef331e, type: 3}
  m_PrefabInstance: {fileID: 6618028209536696390}
  m_PrefabAsset: {fileID: 0}
--- !u!1001 &7192960008997479529
PrefabInstance:
  m_ObjectHideFlags: 0
  serializedVersion: 2
  m_Modification:
    m_TransformParent: {fileID: 5217305518161285059}
    m_Modifications:
    - target: {fileID: 180870303795482199, guid: 852c44aa3ec9bd548b4230b143ef331e, type: 3}
      propertyPath: m_Mesh
      value: 
      objectReference: {fileID: 0}
    - target: {fileID: 1919695210891170683, guid: 852c44aa3ec9bd548b4230b143ef331e, type: 3}
      propertyPath: m_Mesh
      value: 
      objectReference: {fileID: 0}
    - target: {fileID: 3261166268058261417, guid: 852c44aa3ec9bd548b4230b143ef331e, type: 3}
      propertyPath: m_Mesh
      value: 
      objectReference: {fileID: 0}
    - target: {fileID: 3472404603689892819, guid: 852c44aa3ec9bd548b4230b143ef331e, type: 3}
      propertyPath: m_Name
      value: LargeBlock (18)
      objectReference: {fileID: 0}
    - target: {fileID: 6675820215362350317, guid: 852c44aa3ec9bd548b4230b143ef331e, type: 3}
      propertyPath: m_RootOrder
      value: 18
      objectReference: {fileID: 0}
    - target: {fileID: 6675820215362350317, guid: 852c44aa3ec9bd548b4230b143ef331e, type: 3}
      propertyPath: m_LocalPosition.x
      value: -178.1831
      objectReference: {fileID: 0}
    - target: {fileID: 6675820215362350317, guid: 852c44aa3ec9bd548b4230b143ef331e, type: 3}
      propertyPath: m_LocalPosition.y
      value: -348.63037
      objectReference: {fileID: 0}
    - target: {fileID: 6675820215362350317, guid: 852c44aa3ec9bd548b4230b143ef331e, type: 3}
      propertyPath: m_LocalPosition.z
      value: 161.06323
      objectReference: {fileID: 0}
    - target: {fileID: 6675820215362350317, guid: 852c44aa3ec9bd548b4230b143ef331e, type: 3}
      propertyPath: m_LocalRotation.w
      value: -0.009619439
      objectReference: {fileID: 0}
    - target: {fileID: 6675820215362350317, guid: 852c44aa3ec9bd548b4230b143ef331e, type: 3}
      propertyPath: m_LocalRotation.x
      value: -0
      objectReference: {fileID: 0}
    - target: {fileID: 6675820215362350317, guid: 852c44aa3ec9bd548b4230b143ef331e, type: 3}
      propertyPath: m_LocalRotation.y
      value: -0.99995375
      objectReference: {fileID: 0}
    - target: {fileID: 6675820215362350317, guid: 852c44aa3ec9bd548b4230b143ef331e, type: 3}
      propertyPath: m_LocalRotation.z
      value: -0
      objectReference: {fileID: 0}
    - target: {fileID: 6675820215362350317, guid: 852c44aa3ec9bd548b4230b143ef331e, type: 3}
      propertyPath: m_LocalEulerAnglesHint.x
      value: 0
      objectReference: {fileID: 0}
    - target: {fileID: 6675820215362350317, guid: 852c44aa3ec9bd548b4230b143ef331e, type: 3}
      propertyPath: m_LocalEulerAnglesHint.y
      value: -181.102
      objectReference: {fileID: 0}
    - target: {fileID: 6675820215362350317, guid: 852c44aa3ec9bd548b4230b143ef331e, type: 3}
      propertyPath: m_LocalEulerAnglesHint.z
      value: 0
      objectReference: {fileID: 0}
    m_RemovedComponents: []
  m_SourcePrefab: {fileID: 100100000, guid: 852c44aa3ec9bd548b4230b143ef331e, type: 3}
--- !u!4 &4573335160273619076 stripped
Transform:
  m_CorrespondingSourceObject: {fileID: 6675820215362350317, guid: 852c44aa3ec9bd548b4230b143ef331e, type: 3}
  m_PrefabInstance: {fileID: 7192960008997479529}
  m_PrefabAsset: {fileID: 0}
--- !u!1001 &7199929355032393417
PrefabInstance:
  m_ObjectHideFlags: 0
  serializedVersion: 2
  m_Modification:
    m_TransformParent: {fileID: 5217305518161285059}
    m_Modifications:
    - target: {fileID: 180870303795482199, guid: 852c44aa3ec9bd548b4230b143ef331e, type: 3}
      propertyPath: m_Mesh
      value: 
      objectReference: {fileID: 0}
    - target: {fileID: 1919695210891170683, guid: 852c44aa3ec9bd548b4230b143ef331e, type: 3}
      propertyPath: m_Mesh
      value: 
      objectReference: {fileID: 0}
    - target: {fileID: 3261166268058261417, guid: 852c44aa3ec9bd548b4230b143ef331e, type: 3}
      propertyPath: m_Mesh
      value: 
      objectReference: {fileID: 0}
    - target: {fileID: 3472404603689892819, guid: 852c44aa3ec9bd548b4230b143ef331e, type: 3}
      propertyPath: m_Name
      value: LargeBlock (19)
      objectReference: {fileID: 0}
    - target: {fileID: 6675820215362350317, guid: 852c44aa3ec9bd548b4230b143ef331e, type: 3}
      propertyPath: m_RootOrder
      value: 17
      objectReference: {fileID: 0}
    - target: {fileID: 6675820215362350317, guid: 852c44aa3ec9bd548b4230b143ef331e, type: 3}
      propertyPath: m_LocalPosition.x
      value: -208.47656
      objectReference: {fileID: 0}
    - target: {fileID: 6675820215362350317, guid: 852c44aa3ec9bd548b4230b143ef331e, type: 3}
      propertyPath: m_LocalPosition.y
      value: -348.63037
      objectReference: {fileID: 0}
    - target: {fileID: 6675820215362350317, guid: 852c44aa3ec9bd548b4230b143ef331e, type: 3}
      propertyPath: m_LocalPosition.z
      value: 127.09204
      objectReference: {fileID: 0}
    - target: {fileID: 6675820215362350317, guid: 852c44aa3ec9bd548b4230b143ef331e, type: 3}
      propertyPath: m_LocalRotation.w
      value: -0.009619439
      objectReference: {fileID: 0}
    - target: {fileID: 6675820215362350317, guid: 852c44aa3ec9bd548b4230b143ef331e, type: 3}
      propertyPath: m_LocalRotation.x
      value: -0
      objectReference: {fileID: 0}
    - target: {fileID: 6675820215362350317, guid: 852c44aa3ec9bd548b4230b143ef331e, type: 3}
      propertyPath: m_LocalRotation.y
      value: -0.99995375
      objectReference: {fileID: 0}
    - target: {fileID: 6675820215362350317, guid: 852c44aa3ec9bd548b4230b143ef331e, type: 3}
      propertyPath: m_LocalRotation.z
      value: -0
      objectReference: {fileID: 0}
    - target: {fileID: 6675820215362350317, guid: 852c44aa3ec9bd548b4230b143ef331e, type: 3}
      propertyPath: m_LocalEulerAnglesHint.x
      value: 0
      objectReference: {fileID: 0}
    - target: {fileID: 6675820215362350317, guid: 852c44aa3ec9bd548b4230b143ef331e, type: 3}
      propertyPath: m_LocalEulerAnglesHint.y
      value: -181.102
      objectReference: {fileID: 0}
    - target: {fileID: 6675820215362350317, guid: 852c44aa3ec9bd548b4230b143ef331e, type: 3}
      propertyPath: m_LocalEulerAnglesHint.z
      value: 0
      objectReference: {fileID: 0}
    m_RemovedComponents: []
  m_SourcePrefab: {fileID: 100100000, guid: 852c44aa3ec9bd548b4230b143ef331e, type: 3}
--- !u!4 &4561599434140916260 stripped
Transform:
  m_CorrespondingSourceObject: {fileID: 6675820215362350317, guid: 852c44aa3ec9bd548b4230b143ef331e, type: 3}
  m_PrefabInstance: {fileID: 7199929355032393417}
  m_PrefabAsset: {fileID: 0}
--- !u!1001 &7565666547793319872
PrefabInstance:
  m_ObjectHideFlags: 0
  serializedVersion: 2
  m_Modification:
    m_TransformParent: {fileID: 5217305518161285059}
    m_Modifications:
    - target: {fileID: 180870303795482199, guid: 852c44aa3ec9bd548b4230b143ef331e, type: 3}
      propertyPath: m_Mesh
      value: 
      objectReference: {fileID: 0}
    - target: {fileID: 1919695210891170683, guid: 852c44aa3ec9bd548b4230b143ef331e, type: 3}
      propertyPath: m_Mesh
      value: 
      objectReference: {fileID: 0}
    - target: {fileID: 3261166268058261417, guid: 852c44aa3ec9bd548b4230b143ef331e, type: 3}
      propertyPath: m_Mesh
      value: 
      objectReference: {fileID: 0}
    - target: {fileID: 3472404603689892819, guid: 852c44aa3ec9bd548b4230b143ef331e, type: 3}
      propertyPath: m_Name
      value: LargeBlock (20)
      objectReference: {fileID: 0}
    - target: {fileID: 6675820215362350317, guid: 852c44aa3ec9bd548b4230b143ef331e, type: 3}
      propertyPath: m_RootOrder
      value: 16
      objectReference: {fileID: 0}
    - target: {fileID: 6675820215362350317, guid: 852c44aa3ec9bd548b4230b143ef331e, type: 3}
      propertyPath: m_LocalPosition.x
      value: -228.08398
      objectReference: {fileID: 0}
    - target: {fileID: 6675820215362350317, guid: 852c44aa3ec9bd548b4230b143ef331e, type: 3}
      propertyPath: m_LocalPosition.y
      value: -348.63037
      objectReference: {fileID: 0}
    - target: {fileID: 6675820215362350317, guid: 852c44aa3ec9bd548b4230b143ef331e, type: 3}
      propertyPath: m_LocalPosition.z
      value: 83.85425
      objectReference: {fileID: 0}
    - target: {fileID: 6675820215362350317, guid: 852c44aa3ec9bd548b4230b143ef331e, type: 3}
      propertyPath: m_LocalRotation.w
      value: -0.009619439
      objectReference: {fileID: 0}
    - target: {fileID: 6675820215362350317, guid: 852c44aa3ec9bd548b4230b143ef331e, type: 3}
      propertyPath: m_LocalRotation.x
      value: -0
      objectReference: {fileID: 0}
    - target: {fileID: 6675820215362350317, guid: 852c44aa3ec9bd548b4230b143ef331e, type: 3}
      propertyPath: m_LocalRotation.y
      value: -0.99995375
      objectReference: {fileID: 0}
    - target: {fileID: 6675820215362350317, guid: 852c44aa3ec9bd548b4230b143ef331e, type: 3}
      propertyPath: m_LocalRotation.z
      value: -0
      objectReference: {fileID: 0}
    - target: {fileID: 6675820215362350317, guid: 852c44aa3ec9bd548b4230b143ef331e, type: 3}
      propertyPath: m_LocalEulerAnglesHint.x
      value: 0
      objectReference: {fileID: 0}
    - target: {fileID: 6675820215362350317, guid: 852c44aa3ec9bd548b4230b143ef331e, type: 3}
      propertyPath: m_LocalEulerAnglesHint.y
      value: -181.102
      objectReference: {fileID: 0}
    - target: {fileID: 6675820215362350317, guid: 852c44aa3ec9bd548b4230b143ef331e, type: 3}
      propertyPath: m_LocalEulerAnglesHint.z
      value: 0
      objectReference: {fileID: 0}
    m_RemovedComponents: []
  m_SourcePrefab: {fileID: 100100000, guid: 852c44aa3ec9bd548b4230b143ef331e, type: 3}
--- !u!4 &3772858419989297965 stripped
Transform:
  m_CorrespondingSourceObject: {fileID: 6675820215362350317, guid: 852c44aa3ec9bd548b4230b143ef331e, type: 3}
  m_PrefabInstance: {fileID: 7565666547793319872}
  m_PrefabAsset: {fileID: 0}
--- !u!1001 &7729260160335575977
PrefabInstance:
  m_ObjectHideFlags: 0
  serializedVersion: 2
  m_Modification:
    m_TransformParent: {fileID: 5217305518161285059}
    m_Modifications:
    - target: {fileID: 180870303795482199, guid: 852c44aa3ec9bd548b4230b143ef331e, type: 3}
      propertyPath: m_Mesh
      value: 
      objectReference: {fileID: 0}
    - target: {fileID: 1919695210891170683, guid: 852c44aa3ec9bd548b4230b143ef331e, type: 3}
      propertyPath: m_Mesh
      value: 
      objectReference: {fileID: 0}
    - target: {fileID: 3261166268058261417, guid: 852c44aa3ec9bd548b4230b143ef331e, type: 3}
      propertyPath: m_Mesh
      value: 
      objectReference: {fileID: 0}
    - target: {fileID: 3472404603689892819, guid: 852c44aa3ec9bd548b4230b143ef331e, type: 3}
      propertyPath: m_Name
      value: LargeBlock (7)
      objectReference: {fileID: 0}
    - target: {fileID: 6675820215362350317, guid: 852c44aa3ec9bd548b4230b143ef331e, type: 3}
      propertyPath: m_RootOrder
      value: 0
      objectReference: {fileID: 0}
    - target: {fileID: 6675820215362350317, guid: 852c44aa3ec9bd548b4230b143ef331e, type: 3}
      propertyPath: m_LocalPosition.x
      value: 222.70361
      objectReference: {fileID: 0}
    - target: {fileID: 6675820215362350317, guid: 852c44aa3ec9bd548b4230b143ef331e, type: 3}
      propertyPath: m_LocalPosition.y
      value: -348.63037
      objectReference: {fileID: 0}
    - target: {fileID: 6675820215362350317, guid: 852c44aa3ec9bd548b4230b143ef331e, type: 3}
      propertyPath: m_LocalPosition.z
      value: -3.8886719
      objectReference: {fileID: 0}
    - target: {fileID: 6675820215362350317, guid: 852c44aa3ec9bd548b4230b143ef331e, type: 3}
      propertyPath: m_LocalRotation.w
      value: 1
      objectReference: {fileID: 0}
    - target: {fileID: 6675820215362350317, guid: 852c44aa3ec9bd548b4230b143ef331e, type: 3}
      propertyPath: m_LocalRotation.x
      value: -0
      objectReference: {fileID: 0}
    - target: {fileID: 6675820215362350317, guid: 852c44aa3ec9bd548b4230b143ef331e, type: 3}
      propertyPath: m_LocalRotation.y
      value: -0
      objectReference: {fileID: 0}
    - target: {fileID: 6675820215362350317, guid: 852c44aa3ec9bd548b4230b143ef331e, type: 3}
      propertyPath: m_LocalRotation.z
      value: -0
      objectReference: {fileID: 0}
    - target: {fileID: 6675820215362350317, guid: 852c44aa3ec9bd548b4230b143ef331e, type: 3}
      propertyPath: m_LocalEulerAnglesHint.x
      value: 0
      objectReference: {fileID: 0}
    - target: {fileID: 6675820215362350317, guid: 852c44aa3ec9bd548b4230b143ef331e, type: 3}
      propertyPath: m_LocalEulerAnglesHint.y
      value: 0
      objectReference: {fileID: 0}
    - target: {fileID: 6675820215362350317, guid: 852c44aa3ec9bd548b4230b143ef331e, type: 3}
      propertyPath: m_LocalEulerAnglesHint.z
      value: 0
      objectReference: {fileID: 0}
    m_RemovedComponents: []
  m_SourcePrefab: {fileID: 100100000, guid: 852c44aa3ec9bd548b4230b143ef331e, type: 3}
--- !u!4 &4028080878749620036 stripped
Transform:
  m_CorrespondingSourceObject: {fileID: 6675820215362350317, guid: 852c44aa3ec9bd548b4230b143ef331e, type: 3}
  m_PrefabInstance: {fileID: 7729260160335575977}
  m_PrefabAsset: {fileID: 0}
--- !u!1001 &7793185503969853659
PrefabInstance:
  m_ObjectHideFlags: 0
  serializedVersion: 2
  m_Modification:
    m_TransformParent: {fileID: 5217305518161285059}
    m_Modifications:
    - target: {fileID: 180870303795482199, guid: 852c44aa3ec9bd548b4230b143ef331e, type: 3}
      propertyPath: m_Mesh
      value: 
      objectReference: {fileID: 0}
    - target: {fileID: 1919695210891170683, guid: 852c44aa3ec9bd548b4230b143ef331e, type: 3}
      propertyPath: m_Mesh
      value: 
      objectReference: {fileID: 0}
    - target: {fileID: 3261166268058261417, guid: 852c44aa3ec9bd548b4230b143ef331e, type: 3}
      propertyPath: m_Mesh
      value: 
      objectReference: {fileID: 0}
    - target: {fileID: 3472404603689892819, guid: 852c44aa3ec9bd548b4230b143ef331e, type: 3}
      propertyPath: m_Name
      value: LargeBlock (9)
      objectReference: {fileID: 0}
    - target: {fileID: 6675820215362350317, guid: 852c44aa3ec9bd548b4230b143ef331e, type: 3}
      propertyPath: m_RootOrder
      value: 13
      objectReference: {fileID: 0}
    - target: {fileID: 6675820215362350317, guid: 852c44aa3ec9bd548b4230b143ef331e, type: 3}
      propertyPath: m_LocalPosition.x
      value: 61.162354
      objectReference: {fileID: 0}
    - target: {fileID: 6675820215362350317, guid: 852c44aa3ec9bd548b4230b143ef331e, type: 3}
      propertyPath: m_LocalPosition.y
      value: -348.63037
      objectReference: {fileID: 0}
    - target: {fileID: 6675820215362350317, guid: 852c44aa3ec9bd548b4230b143ef331e, type: 3}
      propertyPath: m_LocalPosition.z
      value: 239.78369
      objectReference: {fileID: 0}
    - target: {fileID: 6675820215362350317, guid: 852c44aa3ec9bd548b4230b143ef331e, type: 3}
      propertyPath: m_LocalRotation.w
      value: 0.7075594
      objectReference: {fileID: 0}
    - target: {fileID: 6675820215362350317, guid: 852c44aa3ec9bd548b4230b143ef331e, type: 3}
      propertyPath: m_LocalRotation.x
      value: -0
      objectReference: {fileID: 0}
    - target: {fileID: 6675820215362350317, guid: 852c44aa3ec9bd548b4230b143ef331e, type: 3}
      propertyPath: m_LocalRotation.y
      value: -0.70665395
      objectReference: {fileID: 0}
    - target: {fileID: 6675820215362350317, guid: 852c44aa3ec9bd548b4230b143ef331e, type: 3}
      propertyPath: m_LocalRotation.z
      value: -0
      objectReference: {fileID: 0}
    - target: {fileID: 6675820215362350317, guid: 852c44aa3ec9bd548b4230b143ef331e, type: 3}
      propertyPath: m_LocalEulerAnglesHint.x
      value: 0
      objectReference: {fileID: 0}
    - target: {fileID: 6675820215362350317, guid: 852c44aa3ec9bd548b4230b143ef331e, type: 3}
      propertyPath: m_LocalEulerAnglesHint.y
      value: -89.927
      objectReference: {fileID: 0}
    - target: {fileID: 6675820215362350317, guid: 852c44aa3ec9bd548b4230b143ef331e, type: 3}
      propertyPath: m_LocalEulerAnglesHint.z
      value: 0
      objectReference: {fileID: 0}
    m_RemovedComponents: []
  m_SourcePrefab: {fileID: 100100000, guid: 852c44aa3ec9bd548b4230b143ef331e, type: 3}
--- !u!4 &3495835581992381494 stripped
Transform:
  m_CorrespondingSourceObject: {fileID: 6675820215362350317, guid: 852c44aa3ec9bd548b4230b143ef331e, type: 3}
  m_PrefabInstance: {fileID: 7793185503969853659}
  m_PrefabAsset: {fileID: 0}
--- !u!1001 &8375905446084864484
PrefabInstance:
  m_ObjectHideFlags: 0
  serializedVersion: 2
  m_Modification:
    m_TransformParent: {fileID: 5217305518161285059}
    m_Modifications:
    - target: {fileID: 180870303795482199, guid: 852c44aa3ec9bd548b4230b143ef331e, type: 3}
      propertyPath: m_Mesh
      value: 
      objectReference: {fileID: 0}
    - target: {fileID: 1919695210891170683, guid: 852c44aa3ec9bd548b4230b143ef331e, type: 3}
      propertyPath: m_Mesh
      value: 
      objectReference: {fileID: 0}
    - target: {fileID: 3261166268058261417, guid: 852c44aa3ec9bd548b4230b143ef331e, type: 3}
      propertyPath: m_Mesh
      value: 
      objectReference: {fileID: 0}
    - target: {fileID: 3472404603689892819, guid: 852c44aa3ec9bd548b4230b143ef331e, type: 3}
      propertyPath: m_Name
      value: LargeBlock (21)
      objectReference: {fileID: 0}
    - target: {fileID: 6675820215362350317, guid: 852c44aa3ec9bd548b4230b143ef331e, type: 3}
      propertyPath: m_RootOrder
      value: 15
      objectReference: {fileID: 0}
    - target: {fileID: 6675820215362350317, guid: 852c44aa3ec9bd548b4230b143ef331e, type: 3}
      propertyPath: m_LocalPosition.x
      value: -239.03882
      objectReference: {fileID: 0}
    - target: {fileID: 6675820215362350317, guid: 852c44aa3ec9bd548b4230b143ef331e, type: 3}
      propertyPath: m_LocalPosition.y
      value: -348.63037
      objectReference: {fileID: 0}
    - target: {fileID: 6675820215362350317, guid: 852c44aa3ec9bd548b4230b143ef331e, type: 3}
      propertyPath: m_LocalPosition.z
      value: 36.385742
      objectReference: {fileID: 0}
    - target: {fileID: 6675820215362350317, guid: 852c44aa3ec9bd548b4230b143ef331e, type: 3}
      propertyPath: m_LocalRotation.w
      value: -0.009619439
      objectReference: {fileID: 0}
    - target: {fileID: 6675820215362350317, guid: 852c44aa3ec9bd548b4230b143ef331e, type: 3}
      propertyPath: m_LocalRotation.x
      value: -0
      objectReference: {fileID: 0}
    - target: {fileID: 6675820215362350317, guid: 852c44aa3ec9bd548b4230b143ef331e, type: 3}
      propertyPath: m_LocalRotation.y
      value: -0.99995375
      objectReference: {fileID: 0}
    - target: {fileID: 6675820215362350317, guid: 852c44aa3ec9bd548b4230b143ef331e, type: 3}
      propertyPath: m_LocalRotation.z
      value: -0
      objectReference: {fileID: 0}
    - target: {fileID: 6675820215362350317, guid: 852c44aa3ec9bd548b4230b143ef331e, type: 3}
      propertyPath: m_LocalEulerAnglesHint.x
      value: 0
      objectReference: {fileID: 0}
    - target: {fileID: 6675820215362350317, guid: 852c44aa3ec9bd548b4230b143ef331e, type: 3}
      propertyPath: m_LocalEulerAnglesHint.y
      value: -181.102
      objectReference: {fileID: 0}
    - target: {fileID: 6675820215362350317, guid: 852c44aa3ec9bd548b4230b143ef331e, type: 3}
      propertyPath: m_LocalEulerAnglesHint.z
      value: 0
      objectReference: {fileID: 0}
    m_RemovedComponents: []
  m_SourcePrefab: {fileID: 100100000, guid: 852c44aa3ec9bd548b4230b143ef331e, type: 3}
--- !u!4 &2925218514701550857 stripped
Transform:
  m_CorrespondingSourceObject: {fileID: 6675820215362350317, guid: 852c44aa3ec9bd548b4230b143ef331e, type: 3}
  m_PrefabInstance: {fileID: 8375905446084864484}
  m_PrefabAsset: {fileID: 0}
--- !u!1001 &8467341083711069396
PrefabInstance:
  m_ObjectHideFlags: 0
  serializedVersion: 2
  m_Modification:
    m_TransformParent: {fileID: 5217305518161285059}
    m_Modifications:
    - target: {fileID: 180870303795482199, guid: 852c44aa3ec9bd548b4230b143ef331e, type: 3}
      propertyPath: m_Mesh
      value: 
      objectReference: {fileID: 0}
    - target: {fileID: 1919695210891170683, guid: 852c44aa3ec9bd548b4230b143ef331e, type: 3}
      propertyPath: m_Mesh
      value: 
      objectReference: {fileID: 0}
    - target: {fileID: 3261166268058261417, guid: 852c44aa3ec9bd548b4230b143ef331e, type: 3}
      propertyPath: m_Mesh
      value: 
      objectReference: {fileID: 0}
    - target: {fileID: 3472404603689892819, guid: 852c44aa3ec9bd548b4230b143ef331e, type: 3}
      propertyPath: m_Name
      value: LargeBlock (2)
      objectReference: {fileID: 0}
    - target: {fileID: 6675820215362350317, guid: 852c44aa3ec9bd548b4230b143ef331e, type: 3}
      propertyPath: m_RootOrder
      value: 5
      objectReference: {fileID: 0}
    - target: {fileID: 6675820215362350317, guid: 852c44aa3ec9bd548b4230b143ef331e, type: 3}
      propertyPath: m_LocalPosition.x
      value: 80.103516
      objectReference: {fileID: 0}
    - target: {fileID: 6675820215362350317, guid: 852c44aa3ec9bd548b4230b143ef331e, type: 3}
      propertyPath: m_LocalPosition.y
      value: -348.63037
      objectReference: {fileID: 0}
    - target: {fileID: 6675820215362350317, guid: 852c44aa3ec9bd548b4230b143ef331e, type: 3}
      propertyPath: m_LocalPosition.z
      value: -179.68848
      objectReference: {fileID: 0}
    - target: {fileID: 6675820215362350317, guid: 852c44aa3ec9bd548b4230b143ef331e, type: 3}
      propertyPath: m_LocalRotation.w
      value: 1
      objectReference: {fileID: 0}
    - target: {fileID: 6675820215362350317, guid: 852c44aa3ec9bd548b4230b143ef331e, type: 3}
      propertyPath: m_LocalRotation.x
      value: -0
      objectReference: {fileID: 0}
    - target: {fileID: 6675820215362350317, guid: 852c44aa3ec9bd548b4230b143ef331e, type: 3}
      propertyPath: m_LocalRotation.y
      value: -0
      objectReference: {fileID: 0}
    - target: {fileID: 6675820215362350317, guid: 852c44aa3ec9bd548b4230b143ef331e, type: 3}
      propertyPath: m_LocalRotation.z
      value: -0
      objectReference: {fileID: 0}
    - target: {fileID: 6675820215362350317, guid: 852c44aa3ec9bd548b4230b143ef331e, type: 3}
      propertyPath: m_LocalEulerAnglesHint.x
      value: 0
      objectReference: {fileID: 0}
    - target: {fileID: 6675820215362350317, guid: 852c44aa3ec9bd548b4230b143ef331e, type: 3}
      propertyPath: m_LocalEulerAnglesHint.y
      value: 0
      objectReference: {fileID: 0}
    - target: {fileID: 6675820215362350317, guid: 852c44aa3ec9bd548b4230b143ef331e, type: 3}
      propertyPath: m_LocalEulerAnglesHint.z
      value: 0
      objectReference: {fileID: 0}
    m_RemovedComponents: []
  m_SourcePrefab: {fileID: 100100000, guid: 852c44aa3ec9bd548b4230b143ef331e, type: 3}
--- !u!4 &2965425496917028921 stripped
Transform:
  m_CorrespondingSourceObject: {fileID: 6675820215362350317, guid: 852c44aa3ec9bd548b4230b143ef331e, type: 3}
  m_PrefabInstance: {fileID: 8467341083711069396}
  m_PrefabAsset: {fileID: 0}
--- !u!1001 &8782390778794747032
PrefabInstance:
  m_ObjectHideFlags: 0
  serializedVersion: 2
  m_Modification:
    m_TransformParent: {fileID: 5217305518161285059}
    m_Modifications:
    - target: {fileID: 180870303795482199, guid: 852c44aa3ec9bd548b4230b143ef331e, type: 3}
      propertyPath: m_Mesh
      value: 
      objectReference: {fileID: 0}
    - target: {fileID: 1919695210891170683, guid: 852c44aa3ec9bd548b4230b143ef331e, type: 3}
      propertyPath: m_Mesh
      value: 
      objectReference: {fileID: 0}
    - target: {fileID: 3261166268058261417, guid: 852c44aa3ec9bd548b4230b143ef331e, type: 3}
      propertyPath: m_Mesh
      value: 
      objectReference: {fileID: 0}
    - target: {fileID: 3472404603689892819, guid: 852c44aa3ec9bd548b4230b143ef331e, type: 3}
      propertyPath: m_Name
      value: LargeBlock (1)
      objectReference: {fileID: 0}
    - target: {fileID: 6675820215362350317, guid: 852c44aa3ec9bd548b4230b143ef331e, type: 3}
      propertyPath: m_RootOrder
      value: 6
      objectReference: {fileID: 0}
    - target: {fileID: 6675820215362350317, guid: 852c44aa3ec9bd548b4230b143ef331e, type: 3}
      propertyPath: m_LocalPosition.x
      value: 34.30371
      objectReference: {fileID: 0}
    - target: {fileID: 6675820215362350317, guid: 852c44aa3ec9bd548b4230b143ef331e, type: 3}
      propertyPath: m_LocalPosition.y
      value: -348.63037
      objectReference: {fileID: 0}
    - target: {fileID: 6675820215362350317, guid: 852c44aa3ec9bd548b4230b143ef331e, type: 3}
      propertyPath: m_LocalPosition.z
      value: -189.98877
      objectReference: {fileID: 0}
    - target: {fileID: 6675820215362350317, guid: 852c44aa3ec9bd548b4230b143ef331e, type: 3}
      propertyPath: m_LocalRotation.w
      value: 1
      objectReference: {fileID: 0}
    - target: {fileID: 6675820215362350317, guid: 852c44aa3ec9bd548b4230b143ef331e, type: 3}
      propertyPath: m_LocalRotation.x
      value: -0
      objectReference: {fileID: 0}
    - target: {fileID: 6675820215362350317, guid: 852c44aa3ec9bd548b4230b143ef331e, type: 3}
      propertyPath: m_LocalRotation.y
      value: -0
      objectReference: {fileID: 0}
    - target: {fileID: 6675820215362350317, guid: 852c44aa3ec9bd548b4230b143ef331e, type: 3}
      propertyPath: m_LocalRotation.z
      value: -0
      objectReference: {fileID: 0}
    - target: {fileID: 6675820215362350317, guid: 852c44aa3ec9bd548b4230b143ef331e, type: 3}
      propertyPath: m_LocalEulerAnglesHint.x
      value: 0
      objectReference: {fileID: 0}
    - target: {fileID: 6675820215362350317, guid: 852c44aa3ec9bd548b4230b143ef331e, type: 3}
      propertyPath: m_LocalEulerAnglesHint.y
      value: 0
      objectReference: {fileID: 0}
    - target: {fileID: 6675820215362350317, guid: 852c44aa3ec9bd548b4230b143ef331e, type: 3}
      propertyPath: m_LocalEulerAnglesHint.z
      value: 0
      objectReference: {fileID: 0}
    m_RemovedComponents: []
  m_SourcePrefab: {fileID: 100100000, guid: 852c44aa3ec9bd548b4230b143ef331e, type: 3}
--- !u!4 &2685296551314671733 stripped
Transform:
  m_CorrespondingSourceObject: {fileID: 6675820215362350317, guid: 852c44aa3ec9bd548b4230b143ef331e, type: 3}
  m_PrefabInstance: {fileID: 8782390778794747032}
  m_PrefabAsset: {fileID: 0}
--- !u!1001 &8994337164542967776
PrefabInstance:
  m_ObjectHideFlags: 0
  serializedVersion: 2
  m_Modification:
    m_TransformParent: {fileID: 5217305518161285059}
    m_Modifications:
    - target: {fileID: 180870303795482199, guid: 852c44aa3ec9bd548b4230b143ef331e, type: 3}
      propertyPath: m_Mesh
      value: 
      objectReference: {fileID: 0}
    - target: {fileID: 1919695210891170683, guid: 852c44aa3ec9bd548b4230b143ef331e, type: 3}
      propertyPath: m_Mesh
      value: 
      objectReference: {fileID: 0}
    - target: {fileID: 3261166268058261417, guid: 852c44aa3ec9bd548b4230b143ef331e, type: 3}
      propertyPath: m_Mesh
      value: 
      objectReference: {fileID: 0}
    - target: {fileID: 3472404603689892819, guid: 852c44aa3ec9bd548b4230b143ef331e, type: 3}
      propertyPath: m_Name
      value: LargeBlock (16)
      objectReference: {fileID: 0}
    - target: {fileID: 6675820215362350317, guid: 852c44aa3ec9bd548b4230b143ef331e, type: 3}
      propertyPath: m_RootOrder
      value: 20
      objectReference: {fileID: 0}
    - target: {fileID: 6675820215362350317, guid: 852c44aa3ec9bd548b4230b143ef331e, type: 3}
      propertyPath: m_LocalPosition.x
      value: -99.8479
      objectReference: {fileID: 0}
    - target: {fileID: 6675820215362350317, guid: 852c44aa3ec9bd548b4230b143ef331e, type: 3}
      propertyPath: m_LocalPosition.y
      value: -348.63037
      objectReference: {fileID: 0}
    - target: {fileID: 6675820215362350317, guid: 852c44aa3ec9bd548b4230b143ef331e, type: 3}
      propertyPath: m_LocalPosition.z
      value: 214.89966
      objectReference: {fileID: 0}
    - target: {fileID: 6675820215362350317, guid: 852c44aa3ec9bd548b4230b143ef331e, type: 3}
      propertyPath: m_LocalRotation.w
      value: -0.009619439
      objectReference: {fileID: 0}
    - target: {fileID: 6675820215362350317, guid: 852c44aa3ec9bd548b4230b143ef331e, type: 3}
      propertyPath: m_LocalRotation.x
      value: -0
      objectReference: {fileID: 0}
    - target: {fileID: 6675820215362350317, guid: 852c44aa3ec9bd548b4230b143ef331e, type: 3}
      propertyPath: m_LocalRotation.y
      value: -0.99995375
      objectReference: {fileID: 0}
    - target: {fileID: 6675820215362350317, guid: 852c44aa3ec9bd548b4230b143ef331e, type: 3}
      propertyPath: m_LocalRotation.z
      value: -0
      objectReference: {fileID: 0}
    - target: {fileID: 6675820215362350317, guid: 852c44aa3ec9bd548b4230b143ef331e, type: 3}
      propertyPath: m_LocalEulerAnglesHint.x
      value: 0
      objectReference: {fileID: 0}
    - target: {fileID: 6675820215362350317, guid: 852c44aa3ec9bd548b4230b143ef331e, type: 3}
      propertyPath: m_LocalEulerAnglesHint.y
      value: -181.102
      objectReference: {fileID: 0}
    - target: {fileID: 6675820215362350317, guid: 852c44aa3ec9bd548b4230b143ef331e, type: 3}
      propertyPath: m_LocalEulerAnglesHint.z
      value: 0
      objectReference: {fileID: 0}
    m_RemovedComponents: []
  m_SourcePrefab: {fileID: 100100000, guid: 852c44aa3ec9bd548b4230b143ef331e, type: 3}
--- !u!4 &2339350501174678285 stripped
Transform:
  m_CorrespondingSourceObject: {fileID: 6675820215362350317, guid: 852c44aa3ec9bd548b4230b143ef331e, type: 3}
  m_PrefabInstance: {fileID: 8994337164542967776}
  m_PrefabAsset: {fileID: 0}
