%YAML 1.1
%TAG !u! tag:unity3d.com,2011:
--- !u!1 &5191675308396701797
GameObject:
  m_ObjectHideFlags: 0
  m_CorrespondingSourceObject: {fileID: 0}
  m_PrefabInstance: {fileID: 0}
  m_PrefabAsset: {fileID: 0}
  serializedVersion: 6
  m_Component:
  - component: {fileID: 5191675308396701800}
  - component: {fileID: 5191675308396701801}
  - component: {fileID: 5191675308396701802}
  - component: {fileID: 5191675308396701803}
  - component: {fileID: 5191675308396701796}
  m_Layer: 0
  m_Name: Shelf_S
  m_TagString: Untagged
  m_Icon: {fileID: 0}
  m_NavMeshLayer: 0
  m_StaticEditorFlags: 0
  m_IsActive: 1
--- !u!4 &5191675308396701800
Transform:
  m_ObjectHideFlags: 0
  m_CorrespondingSourceObject: {fileID: 0}
  m_PrefabInstance: {fileID: 0}
  m_PrefabAsset: {fileID: 0}
  m_GameObject: {fileID: 5191675308396701797}
  m_LocalRotation: {x: -0, y: 0.39944538, z: -0, w: 0.916757}
  m_LocalPosition: {x: 3837.9058, y: 953.52716, z: -4738.3975}
  m_LocalScale: {x: 0.55784684, y: 2, z: 1.8594894}
  m_Children: []
  m_Father: {fileID: 0}
  m_RootOrder: 0
  m_LocalEulerAnglesHint: {x: 0, y: 47.087, z: 0}
--- !u!114 &5191675308396701801
MonoBehaviour:
  m_ObjectHideFlags: 0
  m_CorrespondingSourceObject: {fileID: 0}
  m_PrefabInstance: {fileID: 0}
  m_PrefabAsset: {fileID: 0}
  m_GameObject: {fileID: 5191675308396701797}
  m_Enabled: 1
  m_EditorHideFlags: 0
  m_Script: {fileID: 11500000, guid: 8233d90336aea43098adf6dbabd606a2, type: 3}
  m_Name: 
  m_EditorClassIdentifier: 
  m_MeshFormatVersion: 1
  m_Faces:
  - m_Indexes: 000000000100000002000000010000000300000002000000
    m_SmoothingGroup: 1
    m_Uv:
      m_UseWorldSpace: 0
      m_FlipU: 0
      m_FlipV: 0
      m_SwapUV: 0
      m_Fill: 1
      m_Scale: {x: 1, y: 1}
      m_Offset: {x: 0, y: 0}
      m_Rotation: 0
      m_Anchor: 9
    m_Material: {fileID: 0}
    m_SubmeshIndex: 0
    m_ManualUV: 0
    elementGroup: -1
    m_TextureGroup: -1
  - m_Indexes: 040000000500000006000000050000000700000006000000
    m_SmoothingGroup: 1
    m_Uv:
      m_UseWorldSpace: 0
      m_FlipU: 0
      m_FlipV: 0
      m_SwapUV: 0
      m_Fill: 1
      m_Scale: {x: 1, y: 1}
      m_Offset: {x: 0, y: 0}
      m_Rotation: 0
      m_Anchor: 9
    m_Material: {fileID: 0}
    m_SubmeshIndex: 0
    m_ManualUV: 0
    elementGroup: -1
    m_TextureGroup: -1
  - m_Indexes: 08000000090000000a000000090000000b0000000a000000
    m_SmoothingGroup: 1
    m_Uv:
      m_UseWorldSpace: 0
      m_FlipU: 0
      m_FlipV: 0
      m_SwapUV: 0
      m_Fill: 1
      m_Scale: {x: 1, y: 1}
      m_Offset: {x: 0, y: 0}
      m_Rotation: 0
      m_Anchor: 9
    m_Material: {fileID: 0}
    m_SubmeshIndex: 0
    m_ManualUV: 0
    elementGroup: -1
    m_TextureGroup: -1
  - m_Indexes: 0c0000000d0000000e0000000d0000000f0000000e000000
    m_SmoothingGroup: 1
    m_Uv:
      m_UseWorldSpace: 0
      m_FlipU: 0
      m_FlipV: 0
      m_SwapUV: 0
      m_Fill: 1
      m_Scale: {x: 1, y: 1}
      m_Offset: {x: 0, y: 0}
      m_Rotation: 0
      m_Anchor: 9
    m_Material: {fileID: 0}
    m_SubmeshIndex: 0
    m_ManualUV: 0
    elementGroup: -1
    m_TextureGroup: -1
  - m_Indexes: 100000001100000012000000110000001300000012000000
    m_SmoothingGroup: 1
    m_Uv:
      m_UseWorldSpace: 0
      m_FlipU: 0
      m_FlipV: 0
      m_SwapUV: 0
      m_Fill: 1
      m_Scale: {x: 1, y: 1}
      m_Offset: {x: 0, y: 0}
      m_Rotation: 0
      m_Anchor: 9
    m_Material: {fileID: 0}
    m_SubmeshIndex: 0
    m_ManualUV: 0
    elementGroup: -1
    m_TextureGroup: -1
  - m_Indexes: 140000001500000016000000150000001700000016000000
    m_SmoothingGroup: 1
    m_Uv:
      m_UseWorldSpace: 0
      m_FlipU: 0
      m_FlipV: 0
      m_SwapUV: 0
      m_Fill: 1
      m_Scale: {x: 1, y: 1}
      m_Offset: {x: 0, y: 0}
      m_Rotation: 0
      m_Anchor: 9
    m_Material: {fileID: 0}
    m_SubmeshIndex: 0
    m_ManualUV: 0
    elementGroup: -1
    m_TextureGroup: -1
  - m_Indexes: 18000000190000001a000000190000001b0000001a000000
    m_SmoothingGroup: 1
    m_Uv:
      m_UseWorldSpace: 0
      m_FlipU: 0
      m_FlipV: 0
      m_SwapUV: 0
      m_Fill: 1
      m_Scale: {x: 1, y: 1}
      m_Offset: {x: 0, y: 0}
      m_Rotation: 0
      m_Anchor: 9
    m_Material: {fileID: 0}
    m_SubmeshIndex: 0
    m_ManualUV: 0
    elementGroup: -1
    m_TextureGroup: -1
  - m_Indexes: 1c0000001d0000001e0000001d0000001f0000001e000000
    m_SmoothingGroup: 1
    m_Uv:
      m_UseWorldSpace: 0
      m_FlipU: 0
      m_FlipV: 0
      m_SwapUV: 0
      m_Fill: 1
      m_Scale: {x: 1, y: 1}
      m_Offset: {x: 0, y: 0}
      m_Rotation: 0
      m_Anchor: 9
    m_Material: {fileID: 0}
    m_SubmeshIndex: 0
    m_ManualUV: 0
    elementGroup: -1
    m_TextureGroup: -1
  - m_Indexes: 200000002100000022000000210000002300000022000000
    m_SmoothingGroup: 1
    m_Uv:
      m_UseWorldSpace: 0
      m_FlipU: 0
      m_FlipV: 0
      m_SwapUV: 0
      m_Fill: 1
      m_Scale: {x: 1, y: 1}
      m_Offset: {x: 0, y: 0}
      m_Rotation: 0
      m_Anchor: 9
    m_Material: {fileID: 0}
    m_SubmeshIndex: 0
    m_ManualUV: 0
    elementGroup: -1
    m_TextureGroup: -1
  - m_Indexes: 240000002500000026000000250000002700000026000000
    m_SmoothingGroup: 1
    m_Uv:
      m_UseWorldSpace: 0
      m_FlipU: 0
      m_FlipV: 0
      m_SwapUV: 0
      m_Fill: 1
      m_Scale: {x: 1, y: 1}
      m_Offset: {x: 0, y: 0}
      m_Rotation: 0
      m_Anchor: 9
    m_Material: {fileID: 0}
    m_SubmeshIndex: 0
    m_ManualUV: 0
    elementGroup: -1
    m_TextureGroup: -1
  - m_Indexes: 2a0000002900000028000000
    m_SmoothingGroup: 0
    m_Uv:
      m_UseWorldSpace: 0
      m_FlipU: 0
      m_FlipV: 0
      m_SwapUV: 0
      m_Fill: 1
      m_Scale: {x: 1, y: 1}
      m_Offset: {x: 0, y: 0}
      m_Rotation: 0
      m_Anchor: 9
    m_Material: {fileID: 2100000, guid: 31321ba15b8f8eb4c954353edc038b1d, type: 2}
    m_SubmeshIndex: 0
    m_ManualUV: 0
    elementGroup: 0
    m_TextureGroup: -1
  - m_Indexes: 300000002f0000002e000000
    m_SmoothingGroup: 0
    m_Uv:
      m_UseWorldSpace: 0
      m_FlipU: 0
      m_FlipV: 0
      m_SwapUV: 0
      m_Fill: 1
      m_Scale: {x: 1, y: 1}
      m_Offset: {x: 0, y: 0}
      m_Rotation: 0
      m_Anchor: 9
    m_Material: {fileID: 2100000, guid: 31321ba15b8f8eb4c954353edc038b1d, type: 2}
    m_SubmeshIndex: 0
    m_ManualUV: 0
    elementGroup: 0
    m_TextureGroup: -1
  - m_Indexes: 360000003500000034000000
    m_SmoothingGroup: 0
    m_Uv:
      m_UseWorldSpace: 0
      m_FlipU: 0
      m_FlipV: 0
      m_SwapUV: 0
      m_Fill: 1
      m_Scale: {x: 1, y: 1}
      m_Offset: {x: 0, y: 0}
      m_Rotation: 0
      m_Anchor: 9
    m_Material: {fileID: 2100000, guid: 31321ba15b8f8eb4c954353edc038b1d, type: 2}
    m_SubmeshIndex: 0
    m_ManualUV: 0
    elementGroup: 0
    m_TextureGroup: -1
  - m_Indexes: 3c0000003b0000003a000000
    m_SmoothingGroup: 0
    m_Uv:
      m_UseWorldSpace: 0
      m_FlipU: 0
      m_FlipV: 0
      m_SwapUV: 0
      m_Fill: 1
      m_Scale: {x: 1, y: 1}
      m_Offset: {x: 0, y: 0}
      m_Rotation: 0
      m_Anchor: 9
    m_Material: {fileID: 2100000, guid: 31321ba15b8f8eb4c954353edc038b1d, type: 2}
    m_SubmeshIndex: 0
    m_ManualUV: 0
    elementGroup: 0
    m_TextureGroup: -1
  - m_Indexes: 420000004100000040000000
    m_SmoothingGroup: 0
    m_Uv:
      m_UseWorldSpace: 0
      m_FlipU: 0
      m_FlipV: 0
      m_SwapUV: 0
      m_Fill: 1
      m_Scale: {x: 1, y: 1}
      m_Offset: {x: 0, y: 0}
      m_Rotation: 0
      m_Anchor: 9
    m_Material: {fileID: 2100000, guid: 31321ba15b8f8eb4c954353edc038b1d, type: 2}
    m_SubmeshIndex: 0
    m_ManualUV: 0
    elementGroup: 0
    m_TextureGroup: -1
  - m_Indexes: 480000004700000046000000
    m_SmoothingGroup: 0
    m_Uv:
      m_UseWorldSpace: 0
      m_FlipU: 0
      m_FlipV: 0
      m_SwapUV: 0
      m_Fill: 1
      m_Scale: {x: 1, y: 1}
      m_Offset: {x: 0, y: 0}
      m_Rotation: 0
      m_Anchor: 9
    m_Material: {fileID: 2100000, guid: 31321ba15b8f8eb4c954353edc038b1d, type: 2}
    m_SubmeshIndex: 0
    m_ManualUV: 0
    elementGroup: 0
    m_TextureGroup: -1
  - m_Indexes: 4e0000004d0000004c000000
    m_SmoothingGroup: 0
    m_Uv:
      m_UseWorldSpace: 0
      m_FlipU: 0
      m_FlipV: 0
      m_SwapUV: 0
      m_Fill: 1
      m_Scale: {x: 1, y: 1}
      m_Offset: {x: 0, y: 0}
      m_Rotation: 0
      m_Anchor: 9
    m_Material: {fileID: 2100000, guid: 31321ba15b8f8eb4c954353edc038b1d, type: 2}
    m_SubmeshIndex: 0
    m_ManualUV: 0
    elementGroup: 0
    m_TextureGroup: -1
  - m_Indexes: 540000005300000052000000
    m_SmoothingGroup: 0
    m_Uv:
      m_UseWorldSpace: 0
      m_FlipU: 0
      m_FlipV: 0
      m_SwapUV: 0
      m_Fill: 1
      m_Scale: {x: 1, y: 1}
      m_Offset: {x: 0, y: 0}
      m_Rotation: 0
      m_Anchor: 9
    m_Material: {fileID: 2100000, guid: 31321ba15b8f8eb4c954353edc038b1d, type: 2}
    m_SubmeshIndex: 0
    m_ManualUV: 0
    elementGroup: 0
    m_TextureGroup: -1
  - m_Indexes: 5a0000005900000058000000
    m_SmoothingGroup: 0
    m_Uv:
      m_UseWorldSpace: 0
      m_FlipU: 0
      m_FlipV: 0
      m_SwapUV: 0
      m_Fill: 1
      m_Scale: {x: 1, y: 1}
      m_Offset: {x: 0, y: 0}
      m_Rotation: 0
      m_Anchor: 9
    m_Material: {fileID: 2100000, guid: 31321ba15b8f8eb4c954353edc038b1d, type: 2}
    m_SubmeshIndex: 0
    m_ManualUV: 0
    elementGroup: 0
    m_TextureGroup: -1
  - m_Indexes: 600000005f0000005e000000
    m_SmoothingGroup: 0
    m_Uv:
      m_UseWorldSpace: 0
      m_FlipU: 0
      m_FlipV: 0
      m_SwapUV: 0
      m_Fill: 1
      m_Scale: {x: 1, y: 1}
      m_Offset: {x: 0, y: 0}
      m_Rotation: 0
      m_Anchor: 9
    m_Material: {fileID: 2100000, guid: 31321ba15b8f8eb4c954353edc038b1d, type: 2}
    m_SubmeshIndex: 0
    m_ManualUV: 0
    elementGroup: 0
    m_TextureGroup: -1
  - m_Indexes: 2b0000002c0000002d000000
    m_SmoothingGroup: 0
    m_Uv:
      m_UseWorldSpace: 0
      m_FlipU: 0
      m_FlipV: 0
      m_SwapUV: 0
      m_Fill: 1
      m_Scale: {x: 1, y: 1}
      m_Offset: {x: 0, y: 0}
      m_Rotation: 0
      m_Anchor: 9
    m_Material: {fileID: 2100000, guid: 31321ba15b8f8eb4c954353edc038b1d, type: 2}
    m_SubmeshIndex: 0
    m_ManualUV: 0
    elementGroup: 0
    m_TextureGroup: -1
  - m_Indexes: 310000003200000033000000
    m_SmoothingGroup: 0
    m_Uv:
      m_UseWorldSpace: 0
      m_FlipU: 0
      m_FlipV: 0
      m_SwapUV: 0
      m_Fill: 1
      m_Scale: {x: 1, y: 1}
      m_Offset: {x: 0, y: 0}
      m_Rotation: 0
      m_Anchor: 9
    m_Material: {fileID: 2100000, guid: 31321ba15b8f8eb4c954353edc038b1d, type: 2}
    m_SubmeshIndex: 0
    m_ManualUV: 0
    elementGroup: 0
    m_TextureGroup: -1
  - m_Indexes: 370000003800000039000000
    m_SmoothingGroup: 0
    m_Uv:
      m_UseWorldSpace: 0
      m_FlipU: 0
      m_FlipV: 0
      m_SwapUV: 0
      m_Fill: 1
      m_Scale: {x: 1, y: 1}
      m_Offset: {x: 0, y: 0}
      m_Rotation: 0
      m_Anchor: 9
    m_Material: {fileID: 2100000, guid: 31321ba15b8f8eb4c954353edc038b1d, type: 2}
    m_SubmeshIndex: 0
    m_ManualUV: 0
    elementGroup: 0
    m_TextureGroup: -1
  - m_Indexes: 3d0000003e0000003f000000
    m_SmoothingGroup: 0
    m_Uv:
      m_UseWorldSpace: 0
      m_FlipU: 0
      m_FlipV: 0
      m_SwapUV: 0
      m_Fill: 1
      m_Scale: {x: 1, y: 1}
      m_Offset: {x: 0, y: 0}
      m_Rotation: 0
      m_Anchor: 9
    m_Material: {fileID: 2100000, guid: 31321ba15b8f8eb4c954353edc038b1d, type: 2}
    m_SubmeshIndex: 0
    m_ManualUV: 0
    elementGroup: 0
    m_TextureGroup: -1
  - m_Indexes: 430000004400000045000000
    m_SmoothingGroup: 0
    m_Uv:
      m_UseWorldSpace: 0
      m_FlipU: 0
      m_FlipV: 0
      m_SwapUV: 0
      m_Fill: 1
      m_Scale: {x: 1, y: 1}
      m_Offset: {x: 0, y: 0}
      m_Rotation: 0
      m_Anchor: 9
    m_Material: {fileID: 2100000, guid: 31321ba15b8f8eb4c954353edc038b1d, type: 2}
    m_SubmeshIndex: 0
    m_ManualUV: 0
    elementGroup: 0
    m_TextureGroup: -1
  - m_Indexes: 490000004a0000004b000000
    m_SmoothingGroup: 0
    m_Uv:
      m_UseWorldSpace: 0
      m_FlipU: 0
      m_FlipV: 0
      m_SwapUV: 0
      m_Fill: 1
      m_Scale: {x: 1, y: 1}
      m_Offset: {x: 0, y: 0}
      m_Rotation: 0
      m_Anchor: 9
    m_Material: {fileID: 2100000, guid: 31321ba15b8f8eb4c954353edc038b1d, type: 2}
    m_SubmeshIndex: 0
    m_ManualUV: 0
    elementGroup: 0
    m_TextureGroup: -1
  - m_Indexes: 4f0000005000000051000000
    m_SmoothingGroup: 0
    m_Uv:
      m_UseWorldSpace: 0
      m_FlipU: 0
      m_FlipV: 0
      m_SwapUV: 0
      m_Fill: 1
      m_Scale: {x: 1, y: 1}
      m_Offset: {x: 0, y: 0}
      m_Rotation: 0
      m_Anchor: 9
    m_Material: {fileID: 2100000, guid: 31321ba15b8f8eb4c954353edc038b1d, type: 2}
    m_SubmeshIndex: 0
    m_ManualUV: 0
    elementGroup: 0
    m_TextureGroup: -1
  - m_Indexes: 550000005600000057000000
    m_SmoothingGroup: 0
    m_Uv:
      m_UseWorldSpace: 0
      m_FlipU: 0
      m_FlipV: 0
      m_SwapUV: 0
      m_Fill: 1
      m_Scale: {x: 1, y: 1}
      m_Offset: {x: 0, y: 0}
      m_Rotation: 0
      m_Anchor: 9
    m_Material: {fileID: 2100000, guid: 31321ba15b8f8eb4c954353edc038b1d, type: 2}
    m_SubmeshIndex: 0
    m_ManualUV: 0
    elementGroup: 0
    m_TextureGroup: -1
  - m_Indexes: 5b0000005c0000005d000000
    m_SmoothingGroup: 0
    m_Uv:
      m_UseWorldSpace: 0
      m_FlipU: 0
      m_FlipV: 0
      m_SwapUV: 0
      m_Fill: 1
      m_Scale: {x: 1, y: 1}
      m_Offset: {x: 0, y: 0}
      m_Rotation: 0
      m_Anchor: 9
    m_Material: {fileID: 2100000, guid: 31321ba15b8f8eb4c954353edc038b1d, type: 2}
    m_SubmeshIndex: 0
    m_ManualUV: 0
    elementGroup: 0
    m_TextureGroup: -1
  - m_Indexes: 610000006200000063000000
    m_SmoothingGroup: 0
    m_Uv:
      m_UseWorldSpace: 0
      m_FlipU: 0
      m_FlipV: 0
      m_SwapUV: 0
      m_Fill: 1
      m_Scale: {x: 1, y: 1}
      m_Offset: {x: 0, y: 0}
      m_Rotation: 0
      m_Anchor: 9
    m_Material: {fileID: 2100000, guid: 31321ba15b8f8eb4c954353edc038b1d, type: 2}
    m_SubmeshIndex: 0
    m_ManualUV: 0
    elementGroup: 0
    m_TextureGroup: -1
  m_SharedVertices:
  - m_Vertices: 00000000260000002800000060000000
  - m_Vertices: 01000000270000002b00000063000000
  - m_Vertices: 02000000040000002a0000002e000000
  - m_Vertices: 03000000050000002d00000031000000
  - m_Vertices: 06000000080000003000000034000000
  - m_Vertices: 07000000090000003300000037000000
  - m_Vertices: 0a0000000c000000360000003a000000
  - m_Vertices: 0b0000000d000000390000003d000000
  - m_Vertices: 0e000000100000003c00000040000000
  - m_Vertices: 0f000000110000003f00000043000000
  - m_Vertices: 12000000140000004200000046000000
  - m_Vertices: 13000000150000004500000049000000
  - m_Vertices: 1600000018000000480000004c000000
  - m_Vertices: 17000000190000004b0000004f000000
  - m_Vertices: 1a0000001c0000004e00000052000000
  - m_Vertices: 1b0000001d0000005100000055000000
  - m_Vertices: 1e000000200000005400000058000000
  - m_Vertices: 1f00000021000000570000005b000000
  - m_Vertices: 22000000240000005a0000005e000000
  - m_Vertices: 23000000250000005d00000061000000
  - m_Vertices: 290000002f000000350000003b00000041000000470000004d00000053000000590000005f000000
  - m_Vertices: 2c00000032000000380000003e000000440000004a00000050000000560000005c00000062000000
  m_SharedTextures: []
  m_Positions:
  - {x: 1.1955668, y: 0, z: -0.13769501}
  - {x: -2.9117987, y: 4, z: -0.008409613}
  - {x: -0.82906747, y: 0, z: 6.092953}
  - {x: -4.543765, y: 4, z: 5.013804}
  - {x: -0.82906747, y: 0, z: 6.092953}
  - {x: -4.543765, y: 4, z: 5.013804}
  - {x: -8.138558, y: 0, z: 9.045511}
  - {x: -10.435062, y: 4, z: 7.393525}
  - {x: -8.138558, y: 0, z: 9.045511}
  - {x: -10.435062, y: 4, z: 7.393525}
  - {x: -19.986626, y: 0, z: 9.943837}
  - {x: -19.985594, y: 4, z: 8.117697}
  - {x: -19.986626, y: 0, z: 9.943837}
  - {x: -19.985594, y: 4, z: 8.117697}
  - {x: -19.962921, y: 0, z: 6.0929856}
  - {x: -19.965908, y: 4, z: 5.0137243}
  - {x: -19.962921, y: 0, z: 6.0929856}
  - {x: -19.965908, y: 4, z: 5.0137243}
  - {x: -20.00535, y: 0, z: -0.13749994}
  - {x: -19.999962, y: 4, z: -0.0084947115}
  - {x: -20.00535, y: 0, z: -0.13749994}
  - {x: -19.999962, y: 4, z: -0.0084947115}
  - {x: -19.962929, y: 0, z: -6.3679867}
  - {x: -19.965935, y: 4, z: -5.0303407}
  - {x: -19.962929, y: 0, z: -6.3679867}
  - {x: -19.965935, y: 4, z: -5.0303407}
  - {x: -19.986023, y: 0, z: -10.2185135}
  - {x: -19.984686, y: 4, z: -8.13399}
  - {x: -19.986023, y: 0, z: -10.2185135}
  - {x: -19.984686, y: 4, z: -8.13399}
  - {x: -8.139188, y: 0, z: -9.600061}
  - {x: -10.435899, y: 4, z: -7.635421}
  - {x: -8.139188, y: 0, z: -9.600061}
  - {x: -10.435899, y: 4, z: -7.635421}
  - {x: -0.82937264, y: 0, z: -6.3681154}
  - {x: -4.543792, y: 4, z: -5.030261}
  - {x: -0.82937264, y: 0, z: -6.3681154}
  - {x: -4.543792, y: 4, z: -5.030261}
  - {x: 1.1955668, y: 0, z: -0.13769501}
  - {x: -2.9117987, y: 4, z: -0.008409613}
  - {x: 1.1955668, y: 0, z: -0.13769501}
  - {x: -10, y: 0, z: 0}
  - {x: -0.82906747, y: 0, z: 6.092953}
  - {x: -2.9117987, y: 4, z: -0.008409613}
  - {x: -10, y: 4, z: 0}
  - {x: -4.543765, y: 4, z: 5.013804}
  - {x: -0.82906747, y: 0, z: 6.092953}
  - {x: -10, y: 0, z: 0}
  - {x: -8.138558, y: 0, z: 9.045511}
  - {x: -4.543765, y: 4, z: 5.013804}
  - {x: -10, y: 4, z: 0}
  - {x: -10.435062, y: 4, z: 7.393525}
  - {x: -8.138558, y: 0, z: 9.045511}
  - {x: -10, y: 0, z: 0}
  - {x: -19.986626, y: 0, z: 9.943837}
  - {x: -10.435062, y: 4, z: 7.393525}
  - {x: -10, y: 4, z: 0}
  - {x: -19.985594, y: 4, z: 8.117697}
  - {x: -19.986626, y: 0, z: 9.943837}
  - {x: -10, y: 0, z: 0}
  - {x: -19.962921, y: 0, z: 6.0929856}
  - {x: -19.985594, y: 4, z: 8.117697}
  - {x: -10, y: 4, z: 0}
  - {x: -19.965908, y: 4, z: 5.0137243}
  - {x: -19.962921, y: 0, z: 6.0929856}
  - {x: -10, y: 0, z: 0}
  - {x: -20.00535, y: 0, z: -0.13749994}
  - {x: -19.965908, y: 4, z: 5.0137243}
  - {x: -10, y: 4, z: 0}
  - {x: -19.999962, y: 4, z: -0.0084947115}
  - {x: -20.00535, y: 0, z: -0.13749994}
  - {x: -10, y: 0, z: 0}
  - {x: -19.962929, y: 0, z: -6.3679867}
  - {x: -19.999962, y: 4, z: -0.0084947115}
  - {x: -10, y: 4, z: 0}
  - {x: -19.965935, y: 4, z: -5.0303407}
  - {x: -19.962929, y: 0, z: -6.3679867}
  - {x: -10, y: 0, z: 0}
  - {x: -19.986023, y: 0, z: -10.2185135}
  - {x: -19.965935, y: 4, z: -5.0303407}
  - {x: -10, y: 4, z: 0}
  - {x: -19.984686, y: 4, z: -8.13399}
  - {x: -19.986023, y: 0, z: -10.2185135}
  - {x: -10, y: 0, z: 0}
  - {x: -8.139188, y: 0, z: -9.600061}
  - {x: -19.984686, y: 4, z: -8.13399}
  - {x: -10, y: 4, z: 0}
  - {x: -10.435899, y: 4, z: -7.635421}
  - {x: -8.139188, y: 0, z: -9.600061}
  - {x: -10, y: 0, z: 0}
  - {x: -0.82937264, y: 0, z: -6.3681154}
  - {x: -10.435899, y: 4, z: -7.635421}
  - {x: -10, y: 4, z: 0}
  - {x: -4.543792, y: 4, z: -5.030261}
  - {x: -0.82937264, y: 0, z: -6.3681154}
  - {x: -10, y: 0, z: 0}
  - {x: 1.1955668, y: 0, z: -0.13769501}
  - {x: -4.543792, y: 4, z: -5.030261}
  - {x: -10, y: 4, z: 0}
  - {x: -2.9117987, y: 4, z: -0.008409613}
  m_Textures0:
  - {x: 0.8522157, y: -0.3205755}
  - {x: -4.8809843, y: -0.18797511}
  - {x: -0.59097016, y: 6.0698338}
  - {x: -6.0442715, y: 4.9630156}
  - {x: 3.050739, y: -2.7400272}
  - {x: 6.090878, y: 1.9205624}
  - {x: 10.934029, y: -2.7400272}
  - {x: 12.4446535, y: 1.9205525}
  - {x: 8.799137, y: -3.4820101}
  - {x: 10.964173, y: 0.9129425}
  - {x: 20.681211, y: -3.4820101}
  - {x: 20.54212, y: 0.9129235}
  - {x: -10.066677, y: 0.05085365}
  - {x: -8.240565, y: 4.0508666}
  - {x: -6.2157526, y: 0.05085365}
  - {x: -5.1365304, y: 4.050865}
  - {x: -5.956902, y: -0.021817546}
  - {x: -4.8776455, y: 3.978185}
  - {x: 0.27372798, y: -0.021817546}
  - {x: 0.14468907, y: 3.978185}
  - {x: 0.0012900442, y: -0.031341426}
  - {x: -0.1276755, y: 3.9686635}
  - {x: 6.231921, y: -0.031341426}
  - {x: 4.8942857, y: 3.9686632}
  - {x: 6.487601, y: 0.054933988}
  - {x: 5.1499968, y: 4.0549493}
  - {x: 10.338197, y: 0.054933988}
  - {x: 8.253703, y: 4.0549493}
  - {x: -20.491568, y: -4.22982}
  - {x: -20.38156, y: 0.2794081}
  - {x: -8.6286, y: -4.22982}
  - {x: -10.819765, y: 0.27944717}
  - {x: -11.326077, y: -3.090764}
  - {x: -12.632179, y: 1.7495658}
  - {x: -3.3336518, y: -3.090764}
  - {x: -6.1898365, y: 1.7495844}
  - {x: -0.5970944, y: -6.338697}
  - {x: -6.0474005, y: -4.967229}
  - {x: 0.86073035, y: 0.04826373}
  - {x: -4.872472, y: 0.18077429}
  - {x: -1.1955668, y: -0.13769501}
  - {x: 10, y: 0}
  - {x: 0.82906747, y: 6.092953}
  - {x: -2.9117987, y: -0.008409613}
  - {x: -10, y: 0}
  - {x: -4.543765, y: 5.013804}
  - {x: 0.82906747, y: 6.092953}
  - {x: 10, y: 0}
  - {x: 8.138558, y: 9.045511}
  - {x: -4.543765, y: 5.013804}
  - {x: -10, y: 0}
  - {x: -10.435062, y: 7.393525}
  - {x: 8.138558, y: 9.045511}
  - {x: 10, y: 0}
  - {x: 19.986626, y: 9.943837}
  - {x: -10.435062, y: 7.393525}
  - {x: -10, y: 0}
  - {x: -19.985594, y: 8.117697}
  - {x: 19.986626, y: 9.943837}
  - {x: 10, y: 0}
  - {x: 19.962921, y: 6.0929856}
  - {x: -19.985594, y: 8.117697}
  - {x: -10, y: 0}
  - {x: -19.965908, y: 5.0137243}
  - {x: 19.962921, y: 6.0929856}
  - {x: 10, y: 0}
  - {x: 20.00535, y: -0.13749994}
  - {x: -19.965908, y: 5.0137243}
  - {x: -10, y: 0}
  - {x: -19.999962, y: -0.0084947115}
  - {x: 20.00535, y: -0.13749994}
  - {x: 10, y: 0}
  - {x: 19.962929, y: -6.3679867}
  - {x: -19.999962, y: -0.0084947115}
  - {x: -10, y: 0}
  - {x: -19.965935, y: -5.0303407}
  - {x: 19.962929, y: -6.3679867}
  - {x: 10, y: 0}
  - {x: 19.986023, y: -10.2185135}
  - {x: -19.965935, y: -5.0303407}
  - {x: -10, y: 0}
  - {x: -19.984686, y: -8.13399}
  - {x: 19.986023, y: -10.2185135}
  - {x: 10, y: 0}
  - {x: 8.139188, y: -9.600061}
  - {x: -19.984686, y: -8.13399}
  - {x: -10, y: 0}
  - {x: -10.435899, y: -7.635421}
  - {x: 8.139188, y: -9.600061}
  - {x: 10, y: 0}
  - {x: 0.82937264, y: -6.3681154}
  - {x: -10.435899, y: -7.635421}
  - {x: -10, y: 0}
  - {x: -4.543792, y: -5.030261}
  - {x: 0.82937264, y: -6.3681154}
  - {x: 10, y: 0}
  - {x: -1.1955668, y: -0.13769501}
  - {x: -4.543792, y: -5.030261}
  - {x: -10, y: 0}
  - {x: -2.9117987, y: -0.008409613}
  m_Textures2: []
  m_Textures3: []
  m_Tangents:
  - {x: 0.71638745, y: -0.6977027, z: 0.0000056959216, w: -1}
  - {x: 0.7163908, y: -0.69769925, z: 0.000005909438, w: -1}
  - {x: 0.7521517, y: -0.6578895, z: 0.038068667, w: -1}
  - {x: 0.7521514, y: -0.65788984, z: 0.03806811, w: -1}
  - {x: -0.80491585, y: 0.19856961, z: 0.55917853, w: -1}
  - {x: -0.80491555, y: 0.1985695, z: 0.559179, w: -1}
  - {x: -0.964179, y: -0.066076934, z: 0.2568905, w: -1}
  - {x: -0.9641788, y: -0.066075824, z: 0.25689143, w: -1}
  - {x: -0.9796982, y: 0.06224307, z: 0.19057092, w: -1}
  - {x: -0.9796978, y: 0.06224346, z: 0.19057278, w: -1}
  - {x: -0.72797716, y: -0.32622695, z: -0.60301346, w: -1}
  - {x: -0.72795546, y: -0.32629168, z: -0.6030047, w: -1}
  - {x: -0.6048869, y: 0.27113053, z: -0.7487323, w: -1}
  - {x: -0.60481596, y: 0.2711839, z: -0.74877024, w: -1}
  - {x: -0.00028049987, y: -0.000004387257, z: -1, w: -1}
  - {x: -0.000226571, y: -0.0000039677257, z: -1, w: -1}
  - {x: -0.00028050452, y: 0.000004617678, z: -1, w: -1}
  - {x: -0.00022657565, y: 0.0000044285794, z: -1, w: -1}
  - {x: 0.0000066898447, y: -0.000009101654, z: -1, w: -1}
  - {x: 0.0000057934253, y: -0.000009056194, z: -1, w: -1}
  - {x: 0.0000067140595, y: 0.000009101659, z: -1, w: -1}
  - {x: 0.0000058176406, y: 0.000009079938, z: -1, w: -1}
  - {x: 0.00039728242, y: -0.0000038664825, z: -0.99999994, w: -1}
  - {x: 0.00037807535, y: -0.0000040192144, z: -0.99999994, w: -1}
  - {x: 0.00039727913, y: 0.000003890231, z: -0.99999994, w: -1}
  - {x: 0.00037807162, y: 0.000004066702, z: -0.99999994, w: -1}
  - {x: 0.5745856, y: -0.2802218, z: -0.7689779, w: -1}
  - {x: 0.57457787, y: -0.28022113, z: -0.768984, w: -1}
  - {x: 0.7205385, y: 0.35128167, z: -0.59785074, w: -1}
  - {x: 0.7205284, y: 0.3512839, z: -0.5978615, w: -1}
  - {x: 0.9808391, y: -0.07841233, z: 0.17834286, w: -1}
  - {x: 0.98083866, y: -0.07841437, z: 0.17834453, w: -1}
  - {x: 0.95785713, y: 0.08431393, z: 0.27459228, w: -1}
  - {x: 0.9578562, y: 0.08431277, z: 0.27459607, w: -1}
  - {x: 0.7966133, y: -0.19546472, z: 0.5720147, w: -1}
  - {x: 0.79661304, y: -0.19546771, z: 0.57201403, w: -1}
  - {x: 0.7648342, y: -0.6429131, z: -0.04112644, w: -1}
  - {x: 0.7648384, y: -0.6429082, z: -0.041126333, w: -1}
  - {x: 0.71638733, y: -0.6977027, z: -0.0000075963353, w: -1}
  - {x: 0.7163907, y: -0.69769925, z: -0.000009523625, w: -1}
  - {x: -1, y: 0, z: 0, w: -1}
  - {x: -1, y: 0, z: 0, w: -1}
  - {x: -1, y: 0, z: 0, w: -1}
  - {x: 1, y: 0, z: 0, w: -1}
  - {x: 1, y: 0, z: 0, w: -1}
  - {x: 1, y: 0, z: 0, w: -1}
  - {x: -1, y: 0, z: 0, w: -1}
  - {x: -1, y: 0, z: 0, w: -1}
  - {x: -1, y: 0, z: 0, w: -1}
  - {x: 1, y: 0, z: 0, w: -1}
  - {x: 1, y: 0, z: 0, w: -1}
  - {x: 1, y: 0, z: 0, w: -1}
  - {x: -1, y: 0, z: 0, w: -1}
  - {x: -1, y: 0, z: 0, w: -1}
  - {x: -1, y: 0, z: 0, w: -1}
  - {x: 1, y: 0, z: 0, w: -1}
  - {x: 1, y: 0, z: 0, w: -1}
  - {x: 1, y: 0, z: 0, w: -1}
  - {x: -1, y: 0, z: 0, w: -1}
  - {x: -1, y: 0, z: 0, w: -1}
  - {x: -1, y: 0, z: 0, w: -1}
  - {x: 1, y: 0, z: 0, w: -1}
  - {x: 1, y: 0, z: 0, w: -1}
  - {x: 1, y: 0, z: 0, w: -1}
  - {x: -1, y: 0, z: 0, w: -1}
  - {x: -1, y: 0, z: 0, w: -1}
  - {x: -1, y: 0, z: 0, w: -1}
  - {x: 1, y: 0, z: 0, w: -1}
  - {x: 1, y: 0, z: 0, w: -1}
  - {x: 1, y: 0, z: 0, w: -1}
  - {x: -1, y: 0, z: 0, w: -1}
  - {x: -1, y: 0, z: 0, w: -1}
  - {x: -1, y: 0, z: 0, w: -1}
  - {x: 1, y: 0, z: 0, w: -1}
  - {x: 1, y: 0, z: 0, w: -1}
  - {x: 1, y: 0, z: 0, w: -1}
  - {x: -1, y: 0, z: 0, w: -1}
  - {x: -1, y: 0, z: 0, w: -1}
  - {x: -1, y: 0, z: 0, w: -1}
  - {x: 1, y: 0, z: 0, w: -1}
  - {x: 1, y: 0, z: 0, w: -1}
  - {x: 1, y: 0, z: 0, w: -1}
  - {x: -1, y: 0, z: 0, w: -1}
  - {x: -1, y: 0, z: 0, w: -1}
  - {x: -1, y: 0, z: 0, w: -1}
  - {x: 1, y: 0, z: 0, w: -1}
  - {x: 1, y: 0, z: 0, w: -1}
  - {x: 1, y: 0, z: 0, w: -1}
  - {x: -1, y: 0, z: 0, w: -1}
  - {x: -1, y: 0, z: 0, w: -1}
  - {x: -1, y: 0, z: 0, w: -1}
  - {x: 1, y: 0, z: 0, w: -1}
  - {x: 1, y: 0, z: 0, w: -1}
  - {x: 1, y: 0, z: 0, w: -1}
  - {x: -1, y: 0, z: 0, w: -1}
  - {x: -1, y: 0, z: 0, w: -1}
  - {x: -1, y: 0, z: 0, w: -1}
  - {x: 1, y: 0, z: 0, w: -1}
  - {x: 1, y: 0, z: 0, w: -1}
  - {x: 1, y: 0, z: 0, w: -1}
  m_Colors: []
  m_UnwrapParameters:
    m_HardAngle: 88
    m_PackMargin: 20
    m_AngleError: 8
    m_AreaError: 15
  m_PreserveMeshAssetOnDestroy: 0
  assetGuid: 
  m_Mesh: {fileID: 0}
  m_IsSelectable: 1
  m_SelectedFaces: 
  m_SelectedEdges:
  - a: 73
    b: 74
  m_SelectedVertices: 490000004a000000
--- !u!23 &5191675308396701802
MeshRenderer:
  m_ObjectHideFlags: 0
  m_CorrespondingSourceObject: {fileID: 0}
  m_PrefabInstance: {fileID: 0}
  m_PrefabAsset: {fileID: 0}
  m_GameObject: {fileID: 5191675308396701797}
  m_Enabled: 1
  m_CastShadows: 1
  m_ReceiveShadows: 1
  m_DynamicOccludee: 1
  m_MotionVectors: 1
  m_LightProbeUsage: 1
  m_ReflectionProbeUsage: 1
  m_RayTracingMode: 2
  m_RayTraceProcedural: 0
  m_RenderingLayerMask: 1
  m_RendererPriority: 0
  m_Materials:
  - {fileID: 2100000, guid: 31321ba15b8f8eb4c954353edc038b1d, type: 2}
  m_StaticBatchInfo:
    firstSubMesh: 0
    subMeshCount: 0
  m_StaticBatchRoot: {fileID: 0}
  m_ProbeAnchor: {fileID: 0}
  m_LightProbeVolumeOverride: {fileID: 0}
  m_ScaleInLightmap: 1
  m_ReceiveGI: 1
  m_PreserveUVs: 0
  m_IgnoreNormalsForChartDetection: 0
  m_ImportantGI: 0
  m_StitchLightmapSeams: 1
  m_SelectedEditorRenderState: 2
  m_MinimumChartSize: 4
  m_AutoUVMaxDistance: 0.5
  m_AutoUVMaxAngle: 89
  m_LightmapParameters: {fileID: 0}
  m_SortingLayerID: 0
  m_SortingLayer: 0
  m_SortingOrder: 0
  m_AdditionalVertexStreams: {fileID: 0}
--- !u!33 &5191675308396701803
MeshFilter:
  m_ObjectHideFlags: 0
  m_CorrespondingSourceObject: {fileID: 0}
  m_PrefabInstance: {fileID: 0}
  m_PrefabAsset: {fileID: 0}
  m_GameObject: {fileID: 5191675308396701797}
  m_Mesh: {fileID: 0}
--- !u!64 &5191675308396701796
MeshCollider:
  m_ObjectHideFlags: 0
  m_CorrespondingSourceObject: {fileID: 0}
  m_PrefabInstance: {fileID: 0}
  m_PrefabAsset: {fileID: 0}
  m_GameObject: {fileID: 5191675308396701797}
  m_Material: {fileID: 0}
  m_IsTrigger: 0
  m_Enabled: 1
  serializedVersion: 4
  m_Convex: 0
  m_CookingOptions: 30
  m_Mesh: {fileID: 0}
