%YAML 1.1
%TAG !u! tag:unity3d.com,2011:
--- !u!1 &3276252524140749338
GameObject:
  m_ObjectHideFlags: 0
  m_CorrespondingSourceObject: {fileID: 0}
  m_PrefabInstance: {fileID: 0}
  m_PrefabAsset: {fileID: 0}
  serializedVersion: 6
  m_Component:
  - component: {fileID: 3276252524140749335}
  - component: {fileID: 3276252524140749334}
  - component: {fileID: 3276252524140749333}
  - component: {fileID: 3276252524140749332}
  - component: {fileID: 3276252524140749339}
  m_Layer: 0
  m_Name: Shelf_XXL
  m_TagString: Untagged
  m_Icon: {fileID: 0}
  m_NavMeshLayer: 0
  m_StaticEditorFlags: 0
  m_IsActive: 1
--- !u!4 &3276252524140749335
Transform:
  m_ObjectHideFlags: 0
  m_CorrespondingSourceObject: {fileID: 0}
  m_PrefabInstance: {fileID: 0}
  m_PrefabAsset: {fileID: 0}
  m_GameObject: {fileID: 3276252524140749338}
  m_LocalRotation: {x: -0, y: -0.9087449, z: -0, w: 0.4173522}
  m_LocalPosition: {x: 3900.6, y: 957.30005, z: -4672.4}
  m_LocalScale: {x: 3.8, y: 2, z: 10}
  m_Children: []
  m_Father: {fileID: 0}
  m_RootOrder: 0
  m_LocalEulerAnglesHint: {x: 0, y: -130.665, z: 0}
--- !u!114 &3276252524140749334
MonoBehaviour:
  m_ObjectHideFlags: 0
  m_CorrespondingSourceObject: {fileID: 0}
  m_PrefabInstance: {fileID: 0}
  m_PrefabAsset: {fileID: 0}
  m_GameObject: {fileID: 3276252524140749338}
  m_Enabled: 1
  m_EditorHideFlags: 0
  m_Script: {fileID: 11500000, guid: 8233d90336aea43098adf6dbabd606a2, type: 3}
  m_Name: 
  m_EditorClassIdentifier: 
  m_MeshFormatVersion: 1
  m_Faces:
  - m_Indexes: 000000000100000002000000010000000300000002000000
    m_SmoothingGroup: 1
    m_Uv:
      m_UseWorldSpace: 0
      m_FlipU: 0
      m_FlipV: 0
      m_SwapUV: 0
      m_Fill: 1
      m_Scale: {x: 1, y: 1}
      m_Offset: {x: 0, y: 0}
      m_Rotation: 0
      m_Anchor: 9
    m_Material: {fileID: 0}
    m_SubmeshIndex: 0
    m_ManualUV: 0
    elementGroup: -1
    m_TextureGroup: -1
  - m_Indexes: 040000000500000006000000050000000700000006000000
    m_SmoothingGroup: 1
    m_Uv:
      m_UseWorldSpace: 0
      m_FlipU: 0
      m_FlipV: 0
      m_SwapUV: 0
      m_Fill: 1
      m_Scale: {x: 1, y: 1}
      m_Offset: {x: 0, y: 0}
      m_Rotation: 0
      m_Anchor: 9
    m_Material: {fileID: 0}
    m_SubmeshIndex: 0
    m_ManualUV: 0
    elementGroup: -1
    m_TextureGroup: -1
  - m_Indexes: 08000000090000000a000000090000000b0000000a000000
    m_SmoothingGroup: 1
    m_Uv:
      m_UseWorldSpace: 0
      m_FlipU: 0
      m_FlipV: 0
      m_SwapUV: 0
      m_Fill: 1
      m_Scale: {x: 1, y: 1}
      m_Offset: {x: 0, y: 0}
      m_Rotation: 0
      m_Anchor: 9
    m_Material: {fileID: 0}
    m_SubmeshIndex: 0
    m_ManualUV: 0
    elementGroup: -1
    m_TextureGroup: -1
  - m_Indexes: 0c0000000d0000000e0000000d0000000f0000000e000000
    m_SmoothingGroup: 1
    m_Uv:
      m_UseWorldSpace: 0
      m_FlipU: 0
      m_FlipV: 0
      m_SwapUV: 0
      m_Fill: 1
      m_Scale: {x: 1, y: 1}
      m_Offset: {x: 0, y: 0}
      m_Rotation: 0
      m_Anchor: 9
    m_Material: {fileID: 0}
    m_SubmeshIndex: 0
    m_ManualUV: 0
    elementGroup: -1
    m_TextureGroup: -1
  - m_Indexes: 100000001100000012000000110000001300000012000000
    m_SmoothingGroup: 1
    m_Uv:
      m_UseWorldSpace: 0
      m_FlipU: 0
      m_FlipV: 0
      m_SwapUV: 0
      m_Fill: 1
      m_Scale: {x: 1, y: 1}
      m_Offset: {x: 0, y: 0}
      m_Rotation: 0
      m_Anchor: 9
    m_Material: {fileID: 0}
    m_SubmeshIndex: 0
    m_ManualUV: 0
    elementGroup: -1
    m_TextureGroup: -1
  - m_Indexes: 140000001500000016000000150000001700000016000000
    m_SmoothingGroup: 1
    m_Uv:
      m_UseWorldSpace: 0
      m_FlipU: 0
      m_FlipV: 0
      m_SwapUV: 0
      m_Fill: 1
      m_Scale: {x: 1, y: 1}
      m_Offset: {x: 0, y: 0}
      m_Rotation: 0
      m_Anchor: 9
    m_Material: {fileID: 0}
    m_SubmeshIndex: 0
    m_ManualUV: 0
    elementGroup: -1
    m_TextureGroup: -1
  - m_Indexes: 18000000190000001a000000190000001b0000001a000000
    m_SmoothingGroup: 1
    m_Uv:
      m_UseWorldSpace: 0
      m_FlipU: 0
      m_FlipV: 0
      m_SwapUV: 0
      m_Fill: 1
      m_Scale: {x: 1, y: 1}
      m_Offset: {x: 0, y: 0}
      m_Rotation: 0
      m_Anchor: 9
    m_Material: {fileID: 0}
    m_SubmeshIndex: 0
    m_ManualUV: 0
    elementGroup: -1
    m_TextureGroup: -1
  - m_Indexes: 1c0000001d0000001e0000001d0000001f0000001e000000
    m_SmoothingGroup: 1
    m_Uv:
      m_UseWorldSpace: 0
      m_FlipU: 0
      m_FlipV: 0
      m_SwapUV: 0
      m_Fill: 1
      m_Scale: {x: 1, y: 1}
      m_Offset: {x: 0, y: 0}
      m_Rotation: 0
      m_Anchor: 9
    m_Material: {fileID: 0}
    m_SubmeshIndex: 0
    m_ManualUV: 0
    elementGroup: -1
    m_TextureGroup: -1
  - m_Indexes: 200000002100000022000000210000002300000022000000
    m_SmoothingGroup: 1
    m_Uv:
      m_UseWorldSpace: 0
      m_FlipU: 0
      m_FlipV: 0
      m_SwapUV: 0
      m_Fill: 1
      m_Scale: {x: 1, y: 1}
      m_Offset: {x: 0, y: 0}
      m_Rotation: 0
      m_Anchor: 9
    m_Material: {fileID: 0}
    m_SubmeshIndex: 0
    m_ManualUV: 0
    elementGroup: -1
    m_TextureGroup: -1
  - m_Indexes: 240000002500000026000000250000002700000026000000
    m_SmoothingGroup: 1
    m_Uv:
      m_UseWorldSpace: 0
      m_FlipU: 0
      m_FlipV: 0
      m_SwapUV: 0
      m_Fill: 1
      m_Scale: {x: 1, y: 1}
      m_Offset: {x: 0, y: 0}
      m_Rotation: 0
      m_Anchor: 9
    m_Material: {fileID: 0}
    m_SubmeshIndex: 0
    m_ManualUV: 0
    elementGroup: -1
    m_TextureGroup: -1
  - m_Indexes: 2a0000002900000028000000
    m_SmoothingGroup: 0
    m_Uv:
      m_UseWorldSpace: 0
      m_FlipU: 0
      m_FlipV: 0
      m_SwapUV: 0
      m_Fill: 1
      m_Scale: {x: 1, y: 1}
      m_Offset: {x: 0, y: 0}
      m_Rotation: 0
      m_Anchor: 9
    m_Material: {fileID: 2100000, guid: 31321ba15b8f8eb4c954353edc038b1d, type: 2}
    m_SubmeshIndex: 0
    m_ManualUV: 0
    elementGroup: 0
    m_TextureGroup: -1
  - m_Indexes: 300000002f0000002e000000
    m_SmoothingGroup: 0
    m_Uv:
      m_UseWorldSpace: 0
      m_FlipU: 0
      m_FlipV: 0
      m_SwapUV: 0
      m_Fill: 1
      m_Scale: {x: 1, y: 1}
      m_Offset: {x: 0, y: 0}
      m_Rotation: 0
      m_Anchor: 9
    m_Material: {fileID: 2100000, guid: 31321ba15b8f8eb4c954353edc038b1d, type: 2}
    m_SubmeshIndex: 0
    m_ManualUV: 0
    elementGroup: 0
    m_TextureGroup: -1
  - m_Indexes: 360000003500000034000000
    m_SmoothingGroup: 0
    m_Uv:
      m_UseWorldSpace: 0
      m_FlipU: 0
      m_FlipV: 0
      m_SwapUV: 0
      m_Fill: 1
      m_Scale: {x: 1, y: 1}
      m_Offset: {x: 0, y: 0}
      m_Rotation: 0
      m_Anchor: 9
    m_Material: {fileID: 2100000, guid: 31321ba15b8f8eb4c954353edc038b1d, type: 2}
    m_SubmeshIndex: 0
    m_ManualUV: 0
    elementGroup: 0
    m_TextureGroup: -1
  - m_Indexes: 3c0000003b0000003a000000
    m_SmoothingGroup: 0
    m_Uv:
      m_UseWorldSpace: 0
      m_FlipU: 0
      m_FlipV: 0
      m_SwapUV: 0
      m_Fill: 1
      m_Scale: {x: 1, y: 1}
      m_Offset: {x: 0, y: 0}
      m_Rotation: 0
      m_Anchor: 9
    m_Material: {fileID: 2100000, guid: 31321ba15b8f8eb4c954353edc038b1d, type: 2}
    m_SubmeshIndex: 0
    m_ManualUV: 0
    elementGroup: 0
    m_TextureGroup: -1
  - m_Indexes: 420000004100000040000000
    m_SmoothingGroup: 0
    m_Uv:
      m_UseWorldSpace: 0
      m_FlipU: 0
      m_FlipV: 0
      m_SwapUV: 0
      m_Fill: 1
      m_Scale: {x: 1, y: 1}
      m_Offset: {x: 0, y: 0}
      m_Rotation: 0
      m_Anchor: 9
    m_Material: {fileID: 2100000, guid: 31321ba15b8f8eb4c954353edc038b1d, type: 2}
    m_SubmeshIndex: 0
    m_ManualUV: 0
    elementGroup: 0
    m_TextureGroup: -1
  - m_Indexes: 480000004700000046000000
    m_SmoothingGroup: 0
    m_Uv:
      m_UseWorldSpace: 0
      m_FlipU: 0
      m_FlipV: 0
      m_SwapUV: 0
      m_Fill: 1
      m_Scale: {x: 1, y: 1}
      m_Offset: {x: 0, y: 0}
      m_Rotation: 0
      m_Anchor: 9
    m_Material: {fileID: 2100000, guid: 31321ba15b8f8eb4c954353edc038b1d, type: 2}
    m_SubmeshIndex: 0
    m_ManualUV: 0
    elementGroup: 0
    m_TextureGroup: -1
  - m_Indexes: 4e0000004d0000004c000000
    m_SmoothingGroup: 0
    m_Uv:
      m_UseWorldSpace: 0
      m_FlipU: 0
      m_FlipV: 0
      m_SwapUV: 0
      m_Fill: 1
      m_Scale: {x: 1, y: 1}
      m_Offset: {x: 0, y: 0}
      m_Rotation: 0
      m_Anchor: 9
    m_Material: {fileID: 2100000, guid: 31321ba15b8f8eb4c954353edc038b1d, type: 2}
    m_SubmeshIndex: 0
    m_ManualUV: 0
    elementGroup: 0
    m_TextureGroup: -1
  - m_Indexes: 540000005300000052000000
    m_SmoothingGroup: 0
    m_Uv:
      m_UseWorldSpace: 0
      m_FlipU: 0
      m_FlipV: 0
      m_SwapUV: 0
      m_Fill: 1
      m_Scale: {x: 1, y: 1}
      m_Offset: {x: 0, y: 0}
      m_Rotation: 0
      m_Anchor: 9
    m_Material: {fileID: 2100000, guid: 31321ba15b8f8eb4c954353edc038b1d, type: 2}
    m_SubmeshIndex: 0
    m_ManualUV: 0
    elementGroup: 0
    m_TextureGroup: -1
  - m_Indexes: 5a0000005900000058000000
    m_SmoothingGroup: 0
    m_Uv:
      m_UseWorldSpace: 0
      m_FlipU: 0
      m_FlipV: 0
      m_SwapUV: 0
      m_Fill: 1
      m_Scale: {x: 1, y: 1}
      m_Offset: {x: 0, y: 0}
      m_Rotation: 0
      m_Anchor: 9
    m_Material: {fileID: 2100000, guid: 31321ba15b8f8eb4c954353edc038b1d, type: 2}
    m_SubmeshIndex: 0
    m_ManualUV: 0
    elementGroup: 0
    m_TextureGroup: -1
  - m_Indexes: 600000005f0000005e000000
    m_SmoothingGroup: 0
    m_Uv:
      m_UseWorldSpace: 0
      m_FlipU: 0
      m_FlipV: 0
      m_SwapUV: 0
      m_Fill: 1
      m_Scale: {x: 1, y: 1}
      m_Offset: {x: 0, y: 0}
      m_Rotation: 0
      m_Anchor: 9
    m_Material: {fileID: 2100000, guid: 31321ba15b8f8eb4c954353edc038b1d, type: 2}
    m_SubmeshIndex: 0
    m_ManualUV: 0
    elementGroup: 0
    m_TextureGroup: -1
  - m_Indexes: 2b0000002c0000002d000000
    m_SmoothingGroup: 0
    m_Uv:
      m_UseWorldSpace: 0
      m_FlipU: 0
      m_FlipV: 0
      m_SwapUV: 0
      m_Fill: 1
      m_Scale: {x: 1, y: 1}
      m_Offset: {x: 0, y: 0}
      m_Rotation: 0
      m_Anchor: 9
    m_Material: {fileID: 2100000, guid: 31321ba15b8f8eb4c954353edc038b1d, type: 2}
    m_SubmeshIndex: 0
    m_ManualUV: 0
    elementGroup: 0
    m_TextureGroup: -1
  - m_Indexes: 310000003200000033000000
    m_SmoothingGroup: 0
    m_Uv:
      m_UseWorldSpace: 0
      m_FlipU: 0
      m_FlipV: 0
      m_SwapUV: 0
      m_Fill: 1
      m_Scale: {x: 1, y: 1}
      m_Offset: {x: 0, y: 0}
      m_Rotation: 0
      m_Anchor: 9
    m_Material: {fileID: 2100000, guid: 31321ba15b8f8eb4c954353edc038b1d, type: 2}
    m_SubmeshIndex: 0
    m_ManualUV: 0
    elementGroup: 0
    m_TextureGroup: -1
  - m_Indexes: 370000003800000039000000
    m_SmoothingGroup: 0
    m_Uv:
      m_UseWorldSpace: 0
      m_FlipU: 0
      m_FlipV: 0
      m_SwapUV: 0
      m_Fill: 1
      m_Scale: {x: 1, y: 1}
      m_Offset: {x: 0, y: 0}
      m_Rotation: 0
      m_Anchor: 9
    m_Material: {fileID: 2100000, guid: 31321ba15b8f8eb4c954353edc038b1d, type: 2}
    m_SubmeshIndex: 0
    m_ManualUV: 0
    elementGroup: 0
    m_TextureGroup: -1
  - m_Indexes: 3d0000003e0000003f000000
    m_SmoothingGroup: 0
    m_Uv:
      m_UseWorldSpace: 0
      m_FlipU: 0
      m_FlipV: 0
      m_SwapUV: 0
      m_Fill: 1
      m_Scale: {x: 1, y: 1}
      m_Offset: {x: 0, y: 0}
      m_Rotation: 0
      m_Anchor: 9
    m_Material: {fileID: 2100000, guid: 31321ba15b8f8eb4c954353edc038b1d, type: 2}
    m_SubmeshIndex: 0
    m_ManualUV: 0
    elementGroup: 0
    m_TextureGroup: -1
  - m_Indexes: 430000004400000045000000
    m_SmoothingGroup: 0
    m_Uv:
      m_UseWorldSpace: 0
      m_FlipU: 0
      m_FlipV: 0
      m_SwapUV: 0
      m_Fill: 1
      m_Scale: {x: 1, y: 1}
      m_Offset: {x: 0, y: 0}
      m_Rotation: 0
      m_Anchor: 9
    m_Material: {fileID: 2100000, guid: 31321ba15b8f8eb4c954353edc038b1d, type: 2}
    m_SubmeshIndex: 0
    m_ManualUV: 0
    elementGroup: 0
    m_TextureGroup: -1
  - m_Indexes: 490000004a0000004b000000
    m_SmoothingGroup: 0
    m_Uv:
      m_UseWorldSpace: 0
      m_FlipU: 0
      m_FlipV: 0
      m_SwapUV: 0
      m_Fill: 1
      m_Scale: {x: 1, y: 1}
      m_Offset: {x: 0, y: 0}
      m_Rotation: 0
      m_Anchor: 9
    m_Material: {fileID: 2100000, guid: 31321ba15b8f8eb4c954353edc038b1d, type: 2}
    m_SubmeshIndex: 0
    m_ManualUV: 0
    elementGroup: 0
    m_TextureGroup: -1
  - m_Indexes: 4f0000005000000051000000
    m_SmoothingGroup: 0
    m_Uv:
      m_UseWorldSpace: 0
      m_FlipU: 0
      m_FlipV: 0
      m_SwapUV: 0
      m_Fill: 1
      m_Scale: {x: 1, y: 1}
      m_Offset: {x: 0, y: 0}
      m_Rotation: 0
      m_Anchor: 9
    m_Material: {fileID: 2100000, guid: 31321ba15b8f8eb4c954353edc038b1d, type: 2}
    m_SubmeshIndex: 0
    m_ManualUV: 0
    elementGroup: 0
    m_TextureGroup: -1
  - m_Indexes: 550000005600000057000000
    m_SmoothingGroup: 0
    m_Uv:
      m_UseWorldSpace: 0
      m_FlipU: 0
      m_FlipV: 0
      m_SwapUV: 0
      m_Fill: 1
      m_Scale: {x: 1, y: 1}
      m_Offset: {x: 0, y: 0}
      m_Rotation: 0
      m_Anchor: 9
    m_Material: {fileID: 2100000, guid: 31321ba15b8f8eb4c954353edc038b1d, type: 2}
    m_SubmeshIndex: 0
    m_ManualUV: 0
    elementGroup: 0
    m_TextureGroup: -1
  - m_Indexes: 5b0000005c0000005d000000
    m_SmoothingGroup: 0
    m_Uv:
      m_UseWorldSpace: 0
      m_FlipU: 0
      m_FlipV: 0
      m_SwapUV: 0
      m_Fill: 1
      m_Scale: {x: 1, y: 1}
      m_Offset: {x: 0, y: 0}
      m_Rotation: 0
      m_Anchor: 9
    m_Material: {fileID: 2100000, guid: 31321ba15b8f8eb4c954353edc038b1d, type: 2}
    m_SubmeshIndex: 0
    m_ManualUV: 0
    elementGroup: 0
    m_TextureGroup: -1
  - m_Indexes: 610000006200000063000000
    m_SmoothingGroup: 0
    m_Uv:
      m_UseWorldSpace: 0
      m_FlipU: 0
      m_FlipV: 0
      m_SwapUV: 0
      m_Fill: 1
      m_Scale: {x: 1, y: 1}
      m_Offset: {x: 0, y: 0}
      m_Rotation: 0
      m_Anchor: 9
    m_Material: {fileID: 2100000, guid: 31321ba15b8f8eb4c954353edc038b1d, type: 2}
    m_SubmeshIndex: 0
    m_ManualUV: 0
    elementGroup: 0
    m_TextureGroup: -1
  m_SharedVertices:
  - m_Vertices: 00000000260000002800000060000000
  - m_Vertices: 01000000270000002b00000063000000
  - m_Vertices: 02000000040000002a0000002e000000
  - m_Vertices: 03000000050000002d00000031000000
  - m_Vertices: 06000000080000003000000034000000
  - m_Vertices: 07000000090000003300000037000000
  - m_Vertices: 0a0000000c000000360000003a000000
  - m_Vertices: 0b0000000d000000390000003d000000
  - m_Vertices: 0e000000100000003c00000040000000
  - m_Vertices: 0f000000110000003f00000043000000
  - m_Vertices: 12000000140000004200000046000000
  - m_Vertices: 13000000150000004500000049000000
  - m_Vertices: 1600000018000000480000004c000000
  - m_Vertices: 17000000190000004b0000004f000000
  - m_Vertices: 1a0000001c0000004e00000052000000
  - m_Vertices: 1b0000001d0000005100000055000000
  - m_Vertices: 1e000000200000005400000058000000
  - m_Vertices: 1f00000021000000570000005b000000
  - m_Vertices: 22000000240000005a0000005e000000
  - m_Vertices: 23000000250000005d00000061000000
  - m_Vertices: 290000002f000000350000003b00000041000000470000004d00000053000000590000005f000000
  - m_Vertices: 2c00000032000000380000003e000000440000004a00000050000000560000005c00000062000000
  m_SharedTextures: []
  m_Positions:
  - {x: 0, y: 0, z: 0}
  - {x: 0.24769634, y: 4, z: -0.045009557}
  - {x: 0.0020206578, y: 0, z: 5.877836}
  - {x: 0.24969836, y: 4, z: 5.5364966}
  - {x: 0.0020206578, y: 0, z: 5.877836}
  - {x: 0.24969836, y: 4, z: 5.5364966}
  - {x: -0.0058949897, y: 0, z: 9.510506}
  - {x: 0.2421235, y: 4, z: 8.986078}
  - {x: -0.0058949897, y: 0, z: 9.510506}
  - {x: 0.2421235, y: 4, z: 8.986078}
  - {x: -12.518678, y: 0.19284058, z: 8.771275}
  - {x: -11.63995, y: 3.9716187, z: 8.284091}
  - {x: -12.518678, y: 0.19284058, z: 8.771275}
  - {x: -11.63995, y: 3.9716187, z: 8.284091}
  - {x: -18.090172, y: 0, z: 5.877852}
  - {x: -16.930607, y: 4, z: 5.5365033}
  - {x: -18.090172, y: 0, z: 5.877852}
  - {x: -16.930607, y: 4, z: 5.5365033}
  - {x: -20, y: 0, z: -0.0000008742278}
  - {x: -18.744215, y: 4, z: -0.045024693}
  - {x: -20, y: 0, z: -0.0000008742278}
  - {x: -18.744215, y: 4, z: -0.045024693}
  - {x: -18.090172, y: 0, z: -5.8778515}
  - {x: -16.930582, y: 4, z: -5.626601}
  - {x: -18.090172, y: 0, z: -5.8778515}
  - {x: -16.930582, y: 4, z: -5.626601}
  - {x: -12.518785, y: 0.19284058, z: -8.41573}
  - {x: -11.640034, y: 3.9716187, z: -8.036542}
  - {x: -12.518785, y: 0.19284058, z: -8.41573}
  - {x: -11.640034, y: 3.9716187, z: -8.036542}
  - {x: -0.005876716, y: 0, z: -9.510654}
  - {x: 0.24204922, y: 4, z: -9.076265}
  - {x: -0.005876716, y: 0, z: -9.510654}
  - {x: 0.24204922, y: 4, z: -9.076265}
  - {x: 0.0019737887, y: 0, z: -5.877863}
  - {x: 0.2495826, y: 4, z: -5.6265945}
  - {x: 0.0019737887, y: 0, z: -5.877863}
  - {x: 0.2495826, y: 4, z: -5.6265945}
  - {x: 0, y: 0, z: 0}
  - {x: 0.24769634, y: 4, z: -0.045009557}
  - {x: 0, y: 0, z: 0}
  - {x: -10, y: 0, z: 0}
  - {x: 0.0020206578, y: 0, z: 5.877836}
  - {x: 0.24769634, y: 4, z: -0.045009557}
  - {x: -10, y: 4, z: 0}
  - {x: 0.24969836, y: 4, z: 5.5364966}
  - {x: 0.0020206578, y: 0, z: 5.877836}
  - {x: -10, y: 0, z: 0}
  - {x: -0.0058949897, y: 0, z: 9.510506}
  - {x: 0.24969836, y: 4, z: 5.5364966}
  - {x: -10, y: 4, z: 0}
  - {x: 0.2421235, y: 4, z: 8.986078}
  - {x: -0.0058949897, y: 0, z: 9.510506}
  - {x: -10, y: 0, z: 0}
  - {x: -12.518678, y: 0.19284058, z: 8.771275}
  - {x: 0.2421235, y: 4, z: 8.986078}
  - {x: -10, y: 4, z: 0}
  - {x: -11.63995, y: 3.9716187, z: 8.284091}
  - {x: -12.518678, y: 0.19284058, z: 8.771275}
  - {x: -10, y: 0, z: 0}
  - {x: -18.090172, y: 0, z: 5.877852}
  - {x: -11.63995, y: 3.9716187, z: 8.284091}
  - {x: -10, y: 4, z: 0}
  - {x: -16.930607, y: 4, z: 5.5365033}
  - {x: -18.090172, y: 0, z: 5.877852}
  - {x: -10, y: 0, z: 0}
  - {x: -20, y: 0, z: -0.0000008742278}
  - {x: -16.930607, y: 4, z: 5.5365033}
  - {x: -10, y: 4, z: 0}
  - {x: -18.744215, y: 4, z: -0.045024693}
  - {x: -20, y: 0, z: -0.0000008742278}
  - {x: -10, y: 0, z: 0}
  - {x: -18.090172, y: 0, z: -5.8778515}
  - {x: -18.744215, y: 4, z: -0.045024693}
  - {x: -10, y: 4, z: 0}
  - {x: -16.930582, y: 4, z: -5.626601}
  - {x: -18.090172, y: 0, z: -5.8778515}
  - {x: -10, y: 0, z: 0}
  - {x: -12.518785, y: 0.19284058, z: -8.41573}
  - {x: -16.930582, y: 4, z: -5.626601}
  - {x: -10, y: 4, z: 0}
  - {x: -11.640034, y: 3.9716187, z: -8.036542}
  - {x: -12.518785, y: 0.19284058, z: -8.41573}
  - {x: -10, y: 0, z: 0}
  - {x: -0.005876716, y: 0, z: -9.510654}
  - {x: -11.640034, y: 3.9716187, z: -8.036542}
  - {x: -10, y: 4, z: 0}
  - {x: 0.24204922, y: 4, z: -9.076265}
  - {x: -0.005876716, y: 0, z: -9.510654}
  - {x: -10, y: 0, z: 0}
  - {x: 0.0019737887, y: 0, z: -5.877863}
  - {x: 0.24204922, y: 4, z: -9.076265}
  - {x: -10, y: 4, z: 0}
  - {x: 0.2495826, y: 4, z: -5.6265945}
  - {x: 0.0019737887, y: 0, z: -5.877863}
  - {x: -10, y: 0, z: 0}
  - {x: 0, y: 0, z: 0}
  - {x: 0.2495826, y: 4, z: -5.6265945}
  - {x: -10, y: 4, z: 0}
  - {x: 0.24769634, y: 4, z: -0.045009557}
  m_Textures0:
  - {x: 0, y: 0}
  - {x: -0.0449244, y: 4.007663}
  - {x: 5.8778367, y: 8.102584e-12}
  - {x: 5.536582, y: 4.007668}
  - {x: 5.8778176, y: 0.000913675}
  - {x: 5.535939, y: 4.008528}
  - {x: 9.510496, y: 0.000913675}
  - {x: 8.985529, y: 4.008525}
  - {x: -0.53536373, y: -1.2650267}
  - {x: -0.7531347, y: 2.7709506}
  - {x: 11.999209, y: -1.0704516}
  - {x: 11.1496315, y: 2.746104}
  - {x: 6.9744854, y: -2.7670832}
  - {x: 6.4249206, y: 1.1041765}
  - {x: 13.252352, y: -2.9646432}
  - {x: 12.38635, y: 1.1230257}
  - {x: -0.0000046221608, y: -5.500312}
  - {x: -0.033687685, y: -1.3217983}
  - {x: 6.180335, y: -5.500312}
  - {x: 5.8350964, y: -1.3218154}
  - {x: -6.180335, y: -5.383654}
  - {x: -5.7494564, y: -1.2131187}
  - {x: 0.0000022009267, y: -5.383654}
  - {x: 0.1193817, y: -1.2130998}
  - {x: -13.953513, y: -2.2736351}
  - {x: -13.00641, y: 1.7897097}
  - {x: -7.8314233, y: -2.0777407}
  - {x: -7.192921, y: 1.7675271}
  - {x: -11.754939, y: -0.93324125}
  - {x: -10.911752, y: 2.8725686}
  - {x: 0.8057618, y: -1.1274613}
  - {x: 1.0157136, y: 2.8981378}
  - {x: -9.510645, y: 0.0009044643}
  - {x: -9.075721, y: 4.0085225}
  - {x: -5.877845, y: 0.00090446434}
  - {x: -5.626042, y: 4.0085273}
  - {x: -5.8778634, y: -3.0591363e-12}
  - {x: -5.626678, y: 4.007662}
  - {x: 0, y: 0}
  - {x: -0.04509273, y: 4.007661}
  - {x: 0, y: 0}
  - {x: 10, y: 0}
  - {x: -0.0020206578, y: 5.877836}
  - {x: 0.24769634, y: -0.045009557}
  - {x: -10, y: 0}
  - {x: 0.24969836, y: 5.5364966}
  - {x: -0.0020206578, y: 5.877836}
  - {x: 10, y: 0}
  - {x: 0.0058949897, y: 9.510506}
  - {x: 0.24969836, y: 5.5364966}
  - {x: -10, y: 0}
  - {x: 0.2421235, y: 8.986078}
  - {x: 0.0058941944, y: 9.509088}
  - {x: 9.998651, y: -0.0028360751}
  - {x: 12.520157, y: 8.769746}
  - {x: 0.25236684, y: 8.974366}
  - {x: -9.989723, y: -0.011750683}
  - {x: -11.62974, y: 8.272376}
  - {x: 12.512238, y: 8.78026}
  - {x: 9.997964, y: 0.0056030652}
  - {x: 18.086489, y: 5.885722}
  - {x: -11.6528, y: 8.268014}
  - {x: -10.012951, y: -0.016145725}
  - {x: -16.943521, y: 5.5204034}
  - {x: 18.090172, y: 5.877852}
  - {x: 10, y: 0}
  - {x: 20, y: -0.0000008742278}
  - {x: -16.930607, y: 5.5365033}
  - {x: -10, y: 0}
  - {x: -18.744215, y: -0.045024693}
  - {x: 20, y: -0.0000008742278}
  - {x: 10, y: 0}
  - {x: 18.090172, y: -5.8778515}
  - {x: -18.744215, y: -0.045024693}
  - {x: -10, y: 0}
  - {x: -16.930582, y: -5.626601}
  - {x: 18.086079, y: -5.8865933}
  - {x: 9.997738, y: -0.006223974}
  - {x: 12.511851, y: -8.42556}
  - {x: -16.944227, y: -5.609866}
  - {x: -10.013686, y: 0.016785448}
  - {x: -11.653613, y: -8.019829}
  - {x: 12.520256, y: -8.414043}
  - {x: 9.998561, y: 0.0030255383}
  - {x: 0.00587587, y: -9.509141}
  - {x: -11.629467, y: -8.024536}
  - {x: -9.989364, y: 0.01204188}
  - {x: 0.25264946, y: -9.064264}
  - {x: 0.005876716, y: -9.510654}
  - {x: 10, y: 0}
  - {x: -0.0019737887, y: -5.877863}
  - {x: 0.24204922, y: -9.076265}
  - {x: -10, y: 0}
  - {x: 0.2495826, y: -5.6265945}
  - {x: -0.0019737887, y: -5.877863}
  - {x: 10, y: 0}
  - {x: 0, y: 0}
  - {x: 0.2495826, y: -5.6265945}
  - {x: -10, y: 0}
  - {x: 0.24769634, y: -0.045009557}
  m_Textures2: []
  m_Textures3: []
  m_Tangents:
  - {x: 0.0000047517246, y: 0.000020994019, z: 1, w: -1}
  - {x: 0.0000079310275, y: 0.000020789705, z: 1, w: -1}
  - {x: -0.0009091086, y: 0.00007746394, z: 0.9999996, w: -1}
  - {x: -0.0009095952, y: 0.00007748598, z: 0.9999996, w: -1}
  - {x: -0.00091871776, y: -0.00007793193, z: 0.9999996, w: -1}
  - {x: -0.0009192065, y: -0.000077939956, z: 0.9999996, w: -1}
  - {x: -0.72208077, y: -0.05467383, z: 0.689645, w: -1}
  - {x: -0.72194344, y: -0.057732284, z: 0.68953943, w: -1}
  - {x: -0.7260207, y: 0.055493977, z: 0.68543, w: -1}
  - {x: -0.7263353, y: 0.05843483, z: 0.6848522, w: -1}
  - {x: -0.96482456, y: -0.0385646, z: -0.26005045, w: -1}
  - {x: -0.9650984, y: -0.0380201, z: -0.25911304, w: -1}
  - {x: -0.9609872, y: 0.038997505, z: -0.27382973, w: -1}
  - {x: -0.96130604, y: 0.039059024, z: -0.27269977, w: -1}
  - {x: -0.66678303, y: -0.10290618, z: -0.73811287, w: -1}
  - {x: -0.6679838, y: -0.101416476, z: -0.7372329, w: -1}
  - {x: -0.62207645, y: 0.10630372, z: -0.7757064, w: -1}
  - {x: -0.62425226, y: 0.10584717, z: -0.774019, w: -1}
  - {x: -0.028738422, y: -0.09251459, z: -0.9952965, w: -1}
  - {x: -0.028738864, y: -0.0925148, z: -0.9952964, w: -1}
  - {x: 0.029290648, y: 0.09232283, z: -0.9952982, w: -1}
  - {x: 0.029290546, y: 0.092323296, z: -0.99529815, w: -1}
  - {x: 0.6436099, y: -0.10652236, z: -0.7579045, w: -1}
  - {x: 0.64414847, y: -0.10790132, z: -0.7572517, w: -1}
  - {x: 0.6840813, y: 0.10330601, z: -0.7220531, w: -1}
  - {x: 0.6854554, y: 0.10413923, z: -0.7206289, w: -1}
  - {x: 0.96580696, y: -0.026787134, z: -0.25787476, w: -1}
  - {x: 0.96608806, y: -0.027136488, z: -0.25678286, w: -1}
  - {x: 0.9678862, y: 0.025958823, z: -0.2500447, w: -1}
  - {x: 0.968187, y: 0.025829291, z: -0.24889117, w: -1}
  - {x: 0.7364444, y: -0.04377824, z: 0.67508006, w: -1}
  - {x: 0.7368823, y: -0.041171137, z: 0.67476624, w: -1}
  - {x: 0.7340725, y: 0.04349954, z: 0.6776764, w: -1}
  - {x: 0.73476547, y: 0.04113405, z: 0.6770728, w: -1}
  - {x: 0.0009230419, y: 0.00007656746, z: 0.9999996, w: -1}
  - {x: 0.000928184, y: 0.00007626637, z: 0.9999996, w: -1}
  - {x: 0.0009135296, y: -0.00007725808, z: 0.9999996, w: -1}
  - {x: 0.00091867085, y: -0.00007756149, z: 0.9999996, w: -1}
  - {x: 0.0000021569433, y: -0.000020908745, z: 1, w: -1}
  - {x: 0.0000053375848, y: -0.00002108812, z: 1, w: -1}
  - {x: -1, y: 0, z: 0, w: -1}
  - {x: -1, y: 0, z: 0, w: -1}
  - {x: -1, y: 0, z: 0, w: -1}
  - {x: 1, y: 0, z: 0, w: -1}
  - {x: 1, y: 0, z: 0, w: -1}
  - {x: 1, y: 0, z: 0, w: -1}
  - {x: -1, y: 0, z: 0, w: -1}
  - {x: -1, y: 0, z: 0, w: -1}
  - {x: -1, y: 0, z: 0, w: -1}
  - {x: 1, y: 0, z: 0, w: -1}
  - {x: 1, y: 0, z: 0, w: -1}
  - {x: 1, y: 0, z: 0, w: -1}
  - {x: -0.99986506, y: 0.016429378, z: 0.00000003400369, w: -1}
  - {x: -0.99986506, y: 0.016429378, z: 0.00000003400369, w: -1}
  - {x: -0.99986506, y: 0.016429378, z: 0.00000003400369, w: -1}
  - {x: 0.9999967, y: 0.002561031, z: 0.000000010737691, w: -1}
  - {x: 0.9999967, y: 0.002561031, z: 0.000000010737691, w: -1}
  - {x: 0.9999967, y: 0.002561031, z: 0.000000010737691, w: -1}
  - {x: -0.9997964, y: -0.020180276, z: -0.0000000842439, w: -1}
  - {x: -0.9997964, y: -0.020180276, z: -0.0000000842439, w: -1}
  - {x: -0.9997964, y: -0.020180276, z: -0.0000000842439, w: -1}
  - {x: 0.99999475, y: -0.0032509617, z: -0.00000001956986, w: -1}
  - {x: 0.99999475, y: -0.0032509617, z: -0.00000001956986, w: -1}
  - {x: 0.99999475, y: -0.0032509617, z: -0.00000001956986, w: -1}
  - {x: -1, y: 0, z: 0, w: -1}
  - {x: -1, y: 0, z: 0, w: -1}
  - {x: -1, y: 0, z: 0, w: -1}
  - {x: 1, y: 0, z: 0, w: -1}
  - {x: 1, y: 0, z: 0, w: -1}
  - {x: 1, y: 0, z: 0, w: -1}
  - {x: -1, y: 0, z: 0, w: -1}
  - {x: -1, y: 0, z: 0, w: -1}
  - {x: -1, y: 0, z: 0, w: -1}
  - {x: 1, y: 0, z: 0, w: -1}
  - {x: 1, y: 0, z: 0, w: -1}
  - {x: 1, y: 0, z: 0, w: -1}
  - {x: -0.99977386, y: -0.021269504, z: -0.000000043362785, w: -1}
  - {x: -0.99977386, y: -0.021269504, z: -0.000000043362785, w: -1}
  - {x: -0.99977386, y: -0.021269504, z: -0.000000043362785, w: -1}
  - {x: 0.9999941, y: -0.0034363943, z: 0.000000034580328, w: -1}
  - {x: 0.9999941, y: -0.0034363943, z: 0.000000034580328, w: -1}
  - {x: 0.9999941, y: -0.0034363943, z: 0.000000034580328, w: -1}
  - {x: -0.99985605, y: 0.016969487, z: 0.00000004951436, w: -1}
  - {x: -0.99985605, y: 0.016969487, z: 0.00000004951436, w: -1}
  - {x: -0.99985605, y: 0.016969487, z: 0.00000004951436, w: -1}
  - {x: 0.9999965, y: 0.00265027, z: 0.000000006605437, w: -1}
  - {x: 0.9999965, y: 0.00265027, z: 0.000000006605437, w: -1}
  - {x: 0.9999965, y: 0.00265027, z: 0.000000006605437, w: -1}
  - {x: -1, y: 0, z: 0, w: -1}
  - {x: -1, y: 0, z: 0, w: -1}
  - {x: -1, y: 0, z: 0, w: -1}
  - {x: 1, y: 0, z: 0, w: -1}
  - {x: 1, y: 0, z: 0, w: -1}
  - {x: 1, y: 0, z: 0, w: -1}
  - {x: -1, y: 0, z: 0, w: -1}
  - {x: -1, y: 0, z: 0, w: -1}
  - {x: -1, y: 0, z: 0, w: -1}
  - {x: 1, y: 0, z: 0, w: -1}
  - {x: 1, y: 0, z: 0, w: -1}
  - {x: 1, y: 0, z: 0, w: -1}
  m_Colors: []
  m_UnwrapParameters:
    m_HardAngle: 88
    m_PackMargin: 20
    m_AngleError: 8
    m_AreaError: 15
  m_PreserveMeshAssetOnDestroy: 0
  assetGuid: 
  m_Mesh: {fileID: 0}
  m_IsSelectable: 1
  m_SelectedFaces: 
  m_SelectedEdges: []
  m_SelectedVertices: 1b0000001d00000051000000550000000b0000000d000000390000003d000000
--- !u!23 &3276252524140749333
MeshRenderer:
  m_ObjectHideFlags: 0
  m_CorrespondingSourceObject: {fileID: 0}
  m_PrefabInstance: {fileID: 0}
  m_PrefabAsset: {fileID: 0}
  m_GameObject: {fileID: 3276252524140749338}
  m_Enabled: 1
  m_CastShadows: 1
  m_ReceiveShadows: 1
  m_DynamicOccludee: 1
  m_MotionVectors: 1
  m_LightProbeUsage: 1
  m_ReflectionProbeUsage: 1
  m_RayTracingMode: 2
  m_RayTraceProcedural: 0
  m_RenderingLayerMask: 1
  m_RendererPriority: 0
  m_Materials:
  - {fileID: 2100000, guid: 31321ba15b8f8eb4c954353edc038b1d, type: 2}
  m_StaticBatchInfo:
    firstSubMesh: 0
    subMeshCount: 0
  m_StaticBatchRoot: {fileID: 0}
  m_ProbeAnchor: {fileID: 0}
  m_LightProbeVolumeOverride: {fileID: 0}
  m_ScaleInLightmap: 1
  m_ReceiveGI: 1
  m_PreserveUVs: 0
  m_IgnoreNormalsForChartDetection: 0
  m_ImportantGI: 0
  m_StitchLightmapSeams: 1
  m_SelectedEditorRenderState: 2
  m_MinimumChartSize: 4
  m_AutoUVMaxDistance: 0.5
  m_AutoUVMaxAngle: 89
  m_LightmapParameters: {fileID: 0}
  m_SortingLayerID: 0
  m_SortingLayer: 0
  m_SortingOrder: 0
  m_AdditionalVertexStreams: {fileID: 0}
--- !u!33 &3276252524140749332
MeshFilter:
  m_ObjectHideFlags: 0
  m_CorrespondingSourceObject: {fileID: 0}
  m_PrefabInstance: {fileID: 0}
  m_PrefabAsset: {fileID: 0}
  m_GameObject: {fileID: 3276252524140749338}
  m_Mesh: {fileID: 0}
--- !u!64 &3276252524140749339
MeshCollider:
  m_ObjectHideFlags: 0
  m_CorrespondingSourceObject: {fileID: 0}
  m_PrefabInstance: {fileID: 0}
  m_PrefabAsset: {fileID: 0}
  m_GameObject: {fileID: 3276252524140749338}
  m_Material: {fileID: 0}
  m_IsTrigger: 0
  m_Enabled: 1
  serializedVersion: 4
  m_Convex: 0
  m_CookingOptions: 30
  m_Mesh: {fileID: 0}
