%YAML 1.1
%TAG !u! tag:unity3d.com,2011:
--- !u!29 &1
OcclusionCullingSettings:
  m_ObjectHideFlags: 0
  serializedVersion: 2
  m_OcclusionBakeSettings:
    smallestOccluder: 5
    smallestHole: 0.25
    backfaceThreshold: 100
  m_SceneGUID: 00000000000000000000000000000000
  m_OcclusionCullingData: {fileID: 0}
--- !u!104 &2
RenderSettings:
  m_ObjectHideFlags: 0
  serializedVersion: 9
  m_Fog: 0
  m_FogColor: {r: 0.5, g: 0.5, b: 0.5, a: 1}
  m_FogMode: 3
  m_FogDensity: 0.01
  m_LinearFogStart: 0
  m_LinearFogEnd: 300
  m_AmbientSkyColor: {r: 0.212, g: 0.227, b: 0.259, a: 1}
  m_AmbientEquatorColor: {r: 0.114, g: 0.125, b: 0.133, a: 1}
  m_AmbientGroundColor: {r: 0.047, g: 0.043, b: 0.035, a: 1}
  m_AmbientIntensity: 1
  m_AmbientMode: 0
  m_SubtractiveShadowColor: {r: 0.42, g: 0.478, b: 0.627, a: 1}
  m_SkyboxMaterial: {fileID: 10304, guid: 0000000000000000f000000000000000, type: 0}
  m_HaloStrength: 0.5
  m_FlareStrength: 1
  m_FlareFadeSpeed: 3
  m_HaloTexture: {fileID: 0}
  m_SpotCookie: {fileID: 10001, guid: 0000000000000000e000000000000000, type: 0}
  m_DefaultReflectionMode: 0
  m_DefaultReflectionResolution: 128
  m_ReflectionBounces: 1
  m_ReflectionIntensity: 1
  m_CustomReflection: {fileID: 0}
  m_Sun: {fileID: 0}
  m_IndirectSpecularColor: {r: 0.44657898, g: 0.4964133, b: 0.5748178, a: 1}
  m_UseRadianceAmbientProbe: 0
--- !u!157 &3
LightmapSettings:
  m_ObjectHideFlags: 0
  serializedVersion: 12
  m_GIWorkflowMode: 1
  m_GISettings:
    serializedVersion: 2
    m_BounceScale: 1
    m_IndirectOutputScale: 1
    m_AlbedoBoost: 1
    m_EnvironmentLightingMode: 0
    m_EnableBakedLightmaps: 1
    m_EnableRealtimeLightmaps: 0
  m_LightmapEditorSettings:
    serializedVersion: 12
    m_Resolution: 2
    m_BakeResolution: 40
    m_AtlasSize: 1024
    m_AO: 0
    m_AOMaxDistance: 1
    m_CompAOExponent: 1
    m_CompAOExponentDirect: 0
    m_ExtractAmbientOcclusion: 0
    m_Padding: 2
    m_LightmapParameters: {fileID: 0}
    m_LightmapsBakeMode: 1
    m_TextureCompression: 1
    m_FinalGather: 0
    m_FinalGatherFiltering: 1
    m_FinalGatherRayCount: 256
    m_ReflectionCompression: 2
    m_MixedBakeMode: 2
    m_BakeBackend: 1
    m_PVRSampling: 1
    m_PVRDirectSampleCount: 32
    m_PVRSampleCount: 512
    m_PVRBounces: 2
    m_PVREnvironmentSampleCount: 256
    m_PVREnvironmentReferencePointCount: 2048
    m_PVRFilteringMode: 1
    m_PVRDenoiserTypeDirect: 1
    m_PVRDenoiserTypeIndirect: 1
    m_PVRDenoiserTypeAO: 1
    m_PVRFilterTypeDirect: 0
    m_PVRFilterTypeIndirect: 0
    m_PVRFilterTypeAO: 0
    m_PVREnvironmentMIS: 1
    m_PVRCulling: 1
    m_PVRFilteringGaussRadiusDirect: 1
    m_PVRFilteringGaussRadiusIndirect: 5
    m_PVRFilteringGaussRadiusAO: 2
    m_PVRFilteringAtrousPositionSigmaDirect: 0.5
    m_PVRFilteringAtrousPositionSigmaIndirect: 2
    m_PVRFilteringAtrousPositionSigmaAO: 1
    m_ExportTrainingData: 0
    m_TrainingDataDestination: TrainingData
    m_LightProbeSampleCountMultiplier: 4
  m_LightingDataAsset: {fileID: 0}
  m_LightingSettings: {fileID: 4890085278179872738, guid: 377e2f8422f804c95827d6fc96afb623, type: 2}
--- !u!196 &4
NavMeshSettings:
  serializedVersion: 2
  m_ObjectHideFlags: 0
  m_BuildSettings:
    serializedVersion: 2
    agentTypeID: 0
    agentRadius: 0.5
    agentHeight: 2
    agentSlope: 45
    agentClimb: 0.4
    ledgeDropHeight: 0
    maxJumpAcrossDistance: 0
    minRegionArea: 2
    manualCellSize: 0
    cellSize: 0.16666667
    manualTileSize: 0
    tileSize: 256
    accuratePlacement: 0
    maxJobWorkers: 0
    preserveTilesOutsideBounds: 0
    debug:
      m_Flags: 0
  m_NavMeshData: {fileID: 0}
--- !u!1 &35427532 stripped
GameObject:
  m_CorrespondingSourceObject: {fileID: 7761912868403678455, guid: 8c1b09d3163ae6f48b93f3b509d4ac83, type: 3}
  m_PrefabInstance: {fileID: 61815502}
  m_PrefabAsset: {fileID: 0}
--- !u!1001 &61815502
PrefabInstance:
  m_ObjectHideFlags: 0
  serializedVersion: 2
  m_Modification:
    m_TransformParent: {fileID: 0}
    m_Modifications:
    - target: {fileID: 140989888574724046, guid: 8c1b09d3163ae6f48b93f3b509d4ac83, type: 3}
      propertyPath: m_AnchoredPosition.x
      value: -56.299988
      objectReference: {fileID: 0}
    - target: {fileID: 200081901297285683, guid: 8c1b09d3163ae6f48b93f3b509d4ac83, type: 3}
      propertyPath: m_RootOrder
      value: 1
      objectReference: {fileID: 0}
    - target: {fileID: 256627538271671208, guid: 8c1b09d3163ae6f48b93f3b509d4ac83, type: 3}
      propertyPath: CSP1
      value: 
      objectReference: {fileID: 333447680}
    - target: {fileID: 256627538271671208, guid: 8c1b09d3163ae6f48b93f3b509d4ac83, type: 3}
      propertyPath: CSP2
      value: 
      objectReference: {fileID: 134969311}
    - target: {fileID: 256627538271671208, guid: 8c1b09d3163ae6f48b93f3b509d4ac83, type: 3}
      propertyPath: CSP3
      value: 
      objectReference: {fileID: 542566570}
    - target: {fileID: 256627538271671208, guid: 8c1b09d3163ae6f48b93f3b509d4ac83, type: 3}
      propertyPath: CSP4
      value: 
      objectReference: {fileID: 35427532}
    - target: {fileID: 256627538271671208, guid: 8c1b09d3163ae6f48b93f3b509d4ac83, type: 3}
      propertyPath: CSP5
      value: 
      objectReference: {fileID: 969900856}
    - target: {fileID: 256627538271671208, guid: 8c1b09d3163ae6f48b93f3b509d4ac83, type: 3}
      propertyPath: CSP6
      value: 
      objectReference: {fileID: 632371439}
    - target: {fileID: 256627538271671208, guid: 8c1b09d3163ae6f48b93f3b509d4ac83, type: 3}
      propertyPath: CSP7
      value: 
      objectReference: {fileID: 866095283}
    - target: {fileID: 256627538271671208, guid: 8c1b09d3163ae6f48b93f3b509d4ac83, type: 3}
      propertyPath: CampingPossible
      value: 0
      objectReference: {fileID: 0}
    - target: {fileID: 256627538344465697, guid: 8c1b09d3163ae6f48b93f3b509d4ac83, type: 3}
      propertyPath: field of view
      value: 60
      objectReference: {fileID: 0}
    - target: {fileID: 256627538344465697, guid: 8c1b09d3163ae6f48b93f3b509d4ac83, type: 3}
      propertyPath: near clip plane
      value: 0.3
      objectReference: {fileID: 0}
    - target: {fileID: 256627538344465698, guid: 8c1b09d3163ae6f48b93f3b509d4ac83, type: 3}
      propertyPath: m_LocalPosition.x
      value: 6.780017
      objectReference: {fileID: 0}
    - target: {fileID: 256627538344465698, guid: 8c1b09d3163ae6f48b93f3b509d4ac83, type: 3}
      propertyPath: m_LocalPosition.y
      value: 2.6515656
      objectReference: {fileID: 0}
    - target: {fileID: 256627538344465698, guid: 8c1b09d3163ae6f48b93f3b509d4ac83, type: 3}
      propertyPath: m_LocalPosition.z
      value: -3.21772
      objectReference: {fileID: 0}
    - target: {fileID: 256627538344465698, guid: 8c1b09d3163ae6f48b93f3b509d4ac83, type: 3}
      propertyPath: m_LocalRotation.w
      value: 0.9585444
      objectReference: {fileID: 0}
    - target: {fileID: 256627538344465698, guid: 8c1b09d3163ae6f48b93f3b509d4ac83, type: 3}
      propertyPath: m_LocalRotation.x
      value: -0.05505219
      objectReference: {fileID: 0}
    - target: {fileID: 256627538344465698, guid: 8c1b09d3163ae6f48b93f3b509d4ac83, type: 3}
      propertyPath: m_LocalRotation.y
      value: -0.27906835
      objectReference: {fileID: 0}
    - target: {fileID: 256627538344465698, guid: 8c1b09d3163ae6f48b93f3b509d4ac83, type: 3}
      propertyPath: m_LocalRotation.z
      value: -0.016814923
      objectReference: {fileID: 0}
    - target: {fileID: 256627538344465699, guid: 8c1b09d3163ae6f48b93f3b509d4ac83, type: 3}
      propertyPath: m_RenderPostProcessing
      value: 1
      objectReference: {fileID: 0}
    - target: {fileID: 256627538344465701, guid: 8c1b09d3163ae6f48b93f3b509d4ac83, type: 3}
      propertyPath: m_IsActive
      value: 0
      objectReference: {fileID: 0}
    - target: {fileID: 507319121221894605, guid: 8c1b09d3163ae6f48b93f3b509d4ac83, type: 3}
      propertyPath: m_IsActive
      value: 1
      objectReference: {fileID: 0}
    - target: {fileID: 1371240072318818101, guid: 8c1b09d3163ae6f48b93f3b509d4ac83, type: 3}
      propertyPath: m_RootOrder
      value: 0
      objectReference: {fileID: 0}
    - target: {fileID: 1421317102387177573, guid: 8c1b09d3163ae6f48b93f3b509d4ac83, type: 3}
      propertyPath: m_OnClick.m_PersistentCalls.m_Calls.Array.data[1].m_Mode
      value: 1
      objectReference: {fileID: 0}
    - target: {fileID: 1421317102387177573, guid: 8c1b09d3163ae6f48b93f3b509d4ac83, type: 3}
      propertyPath: m_OnClick.m_PersistentCalls.m_Calls.Array.data[1].m_Target
      value: 
      objectReference: {fileID: 1959007747}
    - target: {fileID: 1421317102387177573, guid: 8c1b09d3163ae6f48b93f3b509d4ac83, type: 3}
      propertyPath: m_OnClick.m_PersistentCalls.m_Calls.Array.data[1].m_CallState
      value: 2
      objectReference: {fileID: 0}
    - target: {fileID: 1421317102387177573, guid: 8c1b09d3163ae6f48b93f3b509d4ac83, type: 3}
      propertyPath: m_OnClick.m_PersistentCalls.m_Calls.Array.data[1].m_MethodName
      value: UpdateSheepInfoText
      objectReference: {fileID: 0}
    - target: {fileID: 1421317102387177573, guid: 8c1b09d3163ae6f48b93f3b509d4ac83, type: 3}
      propertyPath: m_OnClick.m_PersistentCalls.m_Calls.Array.data[1].m_TargetAssemblyTypeName
      value: SheepZoomAndSwitch, Assembly-CSharp
      objectReference: {fileID: 0}
    - target: {fileID: 1421317102387177573, guid: 8c1b09d3163ae6f48b93f3b509d4ac83, type: 3}
      propertyPath: m_OnClick.m_PersistentCalls.m_Calls.Array.data[1].m_Arguments.m_ObjectArgumentAssemblyTypeName
      value: UnityEngine.Object, UnityEngine
      objectReference: {fileID: 0}
    - target: {fileID: 1859877026182003758, guid: 8c1b09d3163ae6f48b93f3b509d4ac83, type: 3}
      propertyPath: m_CullingMask.m_Bits
      value: 32
      objectReference: {fileID: 0}
    - target: {fileID: 4234247353684212789, guid: 8c1b09d3163ae6f48b93f3b509d4ac83, type: 3}
      propertyPath: m_RootOrder
      value: 2
      objectReference: {fileID: 0}
    - target: {fileID: 4987462049952944015, guid: 8c1b09d3163ae6f48b93f3b509d4ac83, type: 3}
      propertyPath: m_CameraType
      value: 1
      objectReference: {fileID: 0}
    - target: {fileID: 5017447385041545967, guid: 8c1b09d3163ae6f48b93f3b509d4ac83, type: 3}
      propertyPath: m_IsActive
      value: 1
      objectReference: {fileID: 0}
    - target: {fileID: 5469956555952915465, guid: 8c1b09d3163ae6f48b93f3b509d4ac83, type: 3}
      propertyPath: m_IsActive
      value: 1
      objectReference: {fileID: 0}
    - target: {fileID: 5488002934925379527, guid: 8c1b09d3163ae6f48b93f3b509d4ac83, type: 3}
      propertyPath: m_IsActive
      value: 0
      objectReference: {fileID: 0}
    - target: {fileID: 5488002935194227040, guid: 8c1b09d3163ae6f48b93f3b509d4ac83, type: 3}
      propertyPath: m_Camera
      value: 
      objectReference: {fileID: 0}
    - target: {fileID: 5488002935194227040, guid: 8c1b09d3163ae6f48b93f3b509d4ac83, type: 3}
      propertyPath: m_Enabled
      value: 1
      objectReference: {fileID: 0}
    - target: {fileID: 5488002935194227040, guid: 8c1b09d3163ae6f48b93f3b509d4ac83, type: 3}
      propertyPath: m_RenderMode
      value: 0
      objectReference: {fileID: 0}
    - target: {fileID: 5488002935194227040, guid: 8c1b09d3163ae6f48b93f3b509d4ac83, type: 3}
      propertyPath: m_SortingOrder
      value: 0
      objectReference: {fileID: 0}
    - target: {fileID: 5488002935194227040, guid: 8c1b09d3163ae6f48b93f3b509d4ac83, type: 3}
      propertyPath: m_AdditionalShaderChannelsFlag
      value: 25
      objectReference: {fileID: 0}
    - target: {fileID: 5488002935194227041, guid: 8c1b09d3163ae6f48b93f3b509d4ac83, type: 3}
      propertyPath: m_PresetInfoIsWorld
      value: 0
      objectReference: {fileID: 0}
    - target: {fileID: 5488002935194227043, guid: 8c1b09d3163ae6f48b93f3b509d4ac83, type: 3}
      propertyPath: m_IsActive
      value: 1
      objectReference: {fileID: 0}
    - target: {fileID: 5488002935194227055, guid: 8c1b09d3163ae6f48b93f3b509d4ac83, type: 3}
      propertyPath: m_Pivot.x
      value: 0
      objectReference: {fileID: 0}
    - target: {fileID: 5488002935194227055, guid: 8c1b09d3163ae6f48b93f3b509d4ac83, type: 3}
      propertyPath: m_Pivot.y
      value: 0
      objectReference: {fileID: 0}
    - target: {fileID: 5488002935194227055, guid: 8c1b09d3163ae6f48b93f3b509d4ac83, type: 3}
      propertyPath: m_SizeDelta.x
      value: 0
      objectReference: {fileID: 0}
    - target: {fileID: 5488002935194227055, guid: 8c1b09d3163ae6f48b93f3b509d4ac83, type: 3}
      propertyPath: m_SizeDelta.y
      value: 0
      objectReference: {fileID: 0}
    - target: {fileID: 5488002935194227055, guid: 8c1b09d3163ae6f48b93f3b509d4ac83, type: 3}
      propertyPath: m_LocalScale.x
      value: 0
      objectReference: {fileID: 0}
    - target: {fileID: 5488002935194227055, guid: 8c1b09d3163ae6f48b93f3b509d4ac83, type: 3}
      propertyPath: m_LocalScale.y
      value: 0
      objectReference: {fileID: 0}
    - target: {fileID: 5488002935194227055, guid: 8c1b09d3163ae6f48b93f3b509d4ac83, type: 3}
      propertyPath: m_LocalScale.z
      value: 0
      objectReference: {fileID: 0}
    - target: {fileID: 5488002935194227055, guid: 8c1b09d3163ae6f48b93f3b509d4ac83, type: 3}
      propertyPath: m_LocalPosition.z
      value: 0
      objectReference: {fileID: 0}
    - target: {fileID: 5488002935194227055, guid: 8c1b09d3163ae6f48b93f3b509d4ac83, type: 3}
      propertyPath: m_LocalRotation.w
      value: 1
      objectReference: {fileID: 0}
    - target: {fileID: 5488002935194227055, guid: 8c1b09d3163ae6f48b93f3b509d4ac83, type: 3}
      propertyPath: m_LocalRotation.x
      value: 0
      objectReference: {fileID: 0}
    - target: {fileID: 5488002935194227055, guid: 8c1b09d3163ae6f48b93f3b509d4ac83, type: 3}
      propertyPath: m_LocalRotation.y
      value: 0
      objectReference: {fileID: 0}
    - target: {fileID: 5488002935194227055, guid: 8c1b09d3163ae6f48b93f3b509d4ac83, type: 3}
      propertyPath: m_LocalRotation.z
      value: 0
      objectReference: {fileID: 0}
    - target: {fileID: 5488002935194227055, guid: 8c1b09d3163ae6f48b93f3b509d4ac83, type: 3}
      propertyPath: m_AnchoredPosition.x
      value: 0
      objectReference: {fileID: 0}
    - target: {fileID: 5488002935194227055, guid: 8c1b09d3163ae6f48b93f3b509d4ac83, type: 3}
      propertyPath: m_AnchoredPosition.y
      value: 0
      objectReference: {fileID: 0}
    - target: {fileID: 7018206593534942766, guid: 8c1b09d3163ae6f48b93f3b509d4ac83, type: 3}
      propertyPath: m_fontColor.b
      value: 1
      objectReference: {fileID: 0}
    - target: {fileID: 7018206593534942766, guid: 8c1b09d3163ae6f48b93f3b509d4ac83, type: 3}
      propertyPath: m_fontColor.g
      value: 1
      objectReference: {fileID: 0}
    - target: {fileID: 7018206593534942766, guid: 8c1b09d3163ae6f48b93f3b509d4ac83, type: 3}
      propertyPath: m_fontColor.r
      value: 1
      objectReference: {fileID: 0}
    - target: {fileID: 7018206593534942766, guid: 8c1b09d3163ae6f48b93f3b509d4ac83, type: 3}
      propertyPath: m_lineSpacing
      value: 20
      objectReference: {fileID: 0}
    - target: {fileID: 7761912868236633197, guid: 8c1b09d3163ae6f48b93f3b509d4ac83, type: 3}
      propertyPath: m_LocalPosition.x
      value: 5.68
      objectReference: {fileID: 0}
    - target: {fileID: 7761912868236633197, guid: 8c1b09d3163ae6f48b93f3b509d4ac83, type: 3}
      propertyPath: m_LocalPosition.y
      value: 0
      objectReference: {fileID: 0}
    - target: {fileID: 7761912868236633197, guid: 8c1b09d3163ae6f48b93f3b509d4ac83, type: 3}
      propertyPath: m_LocalPosition.z
      value: 0.26
      objectReference: {fileID: 0}
    - target: {fileID: 7761912868236633197, guid: 8c1b09d3163ae6f48b93f3b509d4ac83, type: 3}
      propertyPath: m_LocalRotation.w
      value: 0.89021283
      objectReference: {fileID: 0}
    - target: {fileID: 7761912868236633197, guid: 8c1b09d3163ae6f48b93f3b509d4ac83, type: 3}
      propertyPath: m_LocalRotation.x
      value: 0
      objectReference: {fileID: 0}
    - target: {fileID: 7761912868236633197, guid: 8c1b09d3163ae6f48b93f3b509d4ac83, type: 3}
      propertyPath: m_LocalRotation.y
      value: -0.45554492
      objectReference: {fileID: 0}
    - target: {fileID: 7761912868236633197, guid: 8c1b09d3163ae6f48b93f3b509d4ac83, type: 3}
      propertyPath: m_LocalRotation.z
      value: 0
      objectReference: {fileID: 0}
    - target: {fileID: 7761912868236633197, guid: 8c1b09d3163ae6f48b93f3b509d4ac83, type: 3}
      propertyPath: m_LocalEulerAnglesHint.x
      value: 0
      objectReference: {fileID: 0}
    - target: {fileID: 7761912868236633197, guid: 8c1b09d3163ae6f48b93f3b509d4ac83, type: 3}
      propertyPath: m_LocalEulerAnglesHint.y
      value: -54.2
      objectReference: {fileID: 0}
    - target: {fileID: 7761912868236633197, guid: 8c1b09d3163ae6f48b93f3b509d4ac83, type: 3}
      propertyPath: m_LocalEulerAnglesHint.z
      value: 0
      objectReference: {fileID: 0}
    - target: {fileID: 7761912868292510834, guid: 8c1b09d3163ae6f48b93f3b509d4ac83, type: 3}
      propertyPath: m_LocalPosition.x
      value: 7.39
      objectReference: {fileID: 0}
    - target: {fileID: 7761912868292510834, guid: 8c1b09d3163ae6f48b93f3b509d4ac83, type: 3}
      propertyPath: m_LocalPosition.y
      value: 0
      objectReference: {fileID: 0}
    - target: {fileID: 7761912868292510834, guid: 8c1b09d3163ae6f48b93f3b509d4ac83, type: 3}
      propertyPath: m_LocalPosition.z
      value: 6.3
      objectReference: {fileID: 0}
    - target: {fileID: 7761912868292510834, guid: 8c1b09d3163ae6f48b93f3b509d4ac83, type: 3}
      propertyPath: m_LocalRotation.w
      value: -0.50829
      objectReference: {fileID: 0}
    - target: {fileID: 7761912868292510834, guid: 8c1b09d3163ae6f48b93f3b509d4ac83, type: 3}
      propertyPath: m_LocalRotation.x
      value: 0
      objectReference: {fileID: 0}
    - target: {fileID: 7761912868292510834, guid: 8c1b09d3163ae6f48b93f3b509d4ac83, type: 3}
      propertyPath: m_LocalRotation.y
      value: 0.861186
      objectReference: {fileID: 0}
    - target: {fileID: 7761912868292510834, guid: 8c1b09d3163ae6f48b93f3b509d4ac83, type: 3}
      propertyPath: m_LocalRotation.z
      value: -0
      objectReference: {fileID: 0}
    - target: {fileID: 7761912868292510834, guid: 8c1b09d3163ae6f48b93f3b509d4ac83, type: 3}
      propertyPath: m_LocalEulerAnglesHint.x
      value: 0
      objectReference: {fileID: 0}
    - target: {fileID: 7761912868292510834, guid: 8c1b09d3163ae6f48b93f3b509d4ac83, type: 3}
      propertyPath: m_LocalEulerAnglesHint.y
      value: 241.1
      objectReference: {fileID: 0}
    - target: {fileID: 7761912868292510834, guid: 8c1b09d3163ae6f48b93f3b509d4ac83, type: 3}
      propertyPath: m_LocalEulerAnglesHint.z
      value: 0
      objectReference: {fileID: 0}
    - target: {fileID: 7761912868354938585, guid: 8c1b09d3163ae6f48b93f3b509d4ac83, type: 3}
      propertyPath: m_LocalPosition.x
      value: -5.32
      objectReference: {fileID: 0}
    - target: {fileID: 7761912868354938585, guid: 8c1b09d3163ae6f48b93f3b509d4ac83, type: 3}
      propertyPath: m_LocalPosition.y
      value: 0
      objectReference: {fileID: 0}
    - target: {fileID: 7761912868354938585, guid: 8c1b09d3163ae6f48b93f3b509d4ac83, type: 3}
      propertyPath: m_LocalPosition.z
      value: 2.43
      objectReference: {fileID: 0}
    - target: {fileID: 7761912868354938585, guid: 8c1b09d3163ae6f48b93f3b509d4ac83, type: 3}
      propertyPath: m_LocalRotation.w
      value: -0.76266813
      objectReference: {fileID: 0}
    - target: {fileID: 7761912868354938585, guid: 8c1b09d3163ae6f48b93f3b509d4ac83, type: 3}
      propertyPath: m_LocalRotation.x
      value: -0
      objectReference: {fileID: 0}
    - target: {fileID: 7761912868354938585, guid: 8c1b09d3163ae6f48b93f3b509d4ac83, type: 3}
      propertyPath: m_LocalRotation.y
      value: -0.64679
      objectReference: {fileID: 0}
    - target: {fileID: 7761912868354938585, guid: 8c1b09d3163ae6f48b93f3b509d4ac83, type: 3}
      propertyPath: m_LocalRotation.z
      value: 0
      objectReference: {fileID: 0}
    - target: {fileID: 7761912868354938585, guid: 8c1b09d3163ae6f48b93f3b509d4ac83, type: 3}
      propertyPath: m_LocalEulerAnglesHint.x
      value: 0
      objectReference: {fileID: 0}
    - target: {fileID: 7761912868354938585, guid: 8c1b09d3163ae6f48b93f3b509d4ac83, type: 3}
      propertyPath: m_LocalEulerAnglesHint.y
      value: -279.4
      objectReference: {fileID: 0}
    - target: {fileID: 7761912868354938585, guid: 8c1b09d3163ae6f48b93f3b509d4ac83, type: 3}
      propertyPath: m_LocalEulerAnglesHint.z
      value: 0
      objectReference: {fileID: 0}
    - target: {fileID: 7761912868403678452, guid: 8c1b09d3163ae6f48b93f3b509d4ac83, type: 3}
      propertyPath: m_LocalPosition.x
      value: -4.46
      objectReference: {fileID: 0}
    - target: {fileID: 7761912868403678452, guid: 8c1b09d3163ae6f48b93f3b509d4ac83, type: 3}
      propertyPath: m_LocalPosition.y
      value: 0
      objectReference: {fileID: 0}
    - target: {fileID: 7761912868403678452, guid: 8c1b09d3163ae6f48b93f3b509d4ac83, type: 3}
      propertyPath: m_LocalPosition.z
      value: 4.77
      objectReference: {fileID: 0}
    - target: {fileID: 7761912868403678452, guid: 8c1b09d3163ae6f48b93f3b509d4ac83, type: 3}
      propertyPath: m_LocalRotation.w
      value: 0.61772245
      objectReference: {fileID: 0}
    - target: {fileID: 7761912868403678452, guid: 8c1b09d3163ae6f48b93f3b509d4ac83, type: 3}
      propertyPath: m_LocalRotation.x
      value: 0
      objectReference: {fileID: 0}
    - target: {fileID: 7761912868403678452, guid: 8c1b09d3163ae6f48b93f3b509d4ac83, type: 3}
      propertyPath: m_LocalRotation.y
      value: 0.78639627
      objectReference: {fileID: 0}
    - target: {fileID: 7761912868403678452, guid: 8c1b09d3163ae6f48b93f3b509d4ac83, type: 3}
      propertyPath: m_LocalRotation.z
      value: 0
      objectReference: {fileID: 0}
    - target: {fileID: 7761912868403678452, guid: 8c1b09d3163ae6f48b93f3b509d4ac83, type: 3}
      propertyPath: m_LocalEulerAnglesHint.x
      value: 0
      objectReference: {fileID: 0}
    - target: {fileID: 7761912868403678452, guid: 8c1b09d3163ae6f48b93f3b509d4ac83, type: 3}
      propertyPath: m_LocalEulerAnglesHint.y
      value: 103.7
      objectReference: {fileID: 0}
    - target: {fileID: 7761912868442069124, guid: 8c1b09d3163ae6f48b93f3b509d4ac83, type: 3}
      propertyPath: m_LocalPosition.x
      value: -3.43
      objectReference: {fileID: 0}
    - target: {fileID: 7761912868442069124, guid: 8c1b09d3163ae6f48b93f3b509d4ac83, type: 3}
      propertyPath: m_LocalPosition.y
      value: 0
      objectReference: {fileID: 0}
    - target: {fileID: 7761912868442069124, guid: 8c1b09d3163ae6f48b93f3b509d4ac83, type: 3}
      propertyPath: m_LocalPosition.z
      value: 6.66
      objectReference: {fileID: 0}
    - target: {fileID: 7761912868442069124, guid: 8c1b09d3163ae6f48b93f3b509d4ac83, type: 3}
      propertyPath: m_LocalRotation.w
      value: -0.5247288
      objectReference: {fileID: 0}
    - target: {fileID: 7761912868442069124, guid: 8c1b09d3163ae6f48b93f3b509d4ac83, type: 3}
      propertyPath: m_LocalRotation.x
      value: -0
      objectReference: {fileID: 0}
    - target: {fileID: 7761912868442069124, guid: 8c1b09d3163ae6f48b93f3b509d4ac83, type: 3}
      propertyPath: m_LocalRotation.y
      value: -0.8512695
      objectReference: {fileID: 0}
    - target: {fileID: 7761912868442069124, guid: 8c1b09d3163ae6f48b93f3b509d4ac83, type: 3}
      propertyPath: m_LocalRotation.z
      value: 0
      objectReference: {fileID: 0}
    - target: {fileID: 7761912868442069124, guid: 8c1b09d3163ae6f48b93f3b509d4ac83, type: 3}
      propertyPath: m_LocalEulerAnglesHint.x
      value: 0
      objectReference: {fileID: 0}
    - target: {fileID: 7761912868442069124, guid: 8c1b09d3163ae6f48b93f3b509d4ac83, type: 3}
      propertyPath: m_LocalEulerAnglesHint.y
      value: -243.3
      objectReference: {fileID: 0}
    - target: {fileID: 7761912868442069124, guid: 8c1b09d3163ae6f48b93f3b509d4ac83, type: 3}
      propertyPath: m_LocalEulerAnglesHint.z
      value: 0
      objectReference: {fileID: 0}
    - target: {fileID: 7761912869633866662, guid: 8c1b09d3163ae6f48b93f3b509d4ac83, type: 3}
      propertyPath: m_LocalPosition.x
      value: 5.57
      objectReference: {fileID: 0}
    - target: {fileID: 7761912869633866662, guid: 8c1b09d3163ae6f48b93f3b509d4ac83, type: 3}
      propertyPath: m_LocalPosition.y
      value: 0
      objectReference: {fileID: 0}
    - target: {fileID: 7761912869633866662, guid: 8c1b09d3163ae6f48b93f3b509d4ac83, type: 3}
      propertyPath: m_LocalPosition.z
      value: 9.87
      objectReference: {fileID: 0}
    - target: {fileID: 7761912869633866662, guid: 8c1b09d3163ae6f48b93f3b509d4ac83, type: 3}
      propertyPath: m_LocalRotation.w
      value: -0.31067637
      objectReference: {fileID: 0}
    - target: {fileID: 7761912869633866662, guid: 8c1b09d3163ae6f48b93f3b509d4ac83, type: 3}
      propertyPath: m_LocalRotation.x
      value: 0
      objectReference: {fileID: 0}
    - target: {fileID: 7761912869633866662, guid: 8c1b09d3163ae6f48b93f3b509d4ac83, type: 3}
      propertyPath: m_LocalRotation.y
      value: 0.95051575
      objectReference: {fileID: 0}
    - target: {fileID: 7761912869633866662, guid: 8c1b09d3163ae6f48b93f3b509d4ac83, type: 3}
      propertyPath: m_LocalRotation.z
      value: -0
      objectReference: {fileID: 0}
    - target: {fileID: 7761912869633866662, guid: 8c1b09d3163ae6f48b93f3b509d4ac83, type: 3}
      propertyPath: m_LocalEulerAnglesHint.x
      value: 0
      objectReference: {fileID: 0}
    - target: {fileID: 7761912869633866662, guid: 8c1b09d3163ae6f48b93f3b509d4ac83, type: 3}
      propertyPath: m_LocalEulerAnglesHint.y
      value: 216.2
      objectReference: {fileID: 0}
    - target: {fileID: 7761912869633866662, guid: 8c1b09d3163ae6f48b93f3b509d4ac83, type: 3}
      propertyPath: m_LocalEulerAnglesHint.z
      value: 0
      objectReference: {fileID: 0}
    - target: {fileID: 7761912869667337131, guid: 8c1b09d3163ae6f48b93f3b509d4ac83, type: 3}
      propertyPath: m_LocalPosition.y
      value: 0
      objectReference: {fileID: 0}
    - target: {fileID: 7761912869667337131, guid: 8c1b09d3163ae6f48b93f3b509d4ac83, type: 3}
      propertyPath: m_LocalRotation.w
      value: 0.74320334
      objectReference: {fileID: 0}
    - target: {fileID: 7761912869667337131, guid: 8c1b09d3163ae6f48b93f3b509d4ac83, type: 3}
      propertyPath: m_LocalRotation.x
      value: 0
      objectReference: {fileID: 0}
    - target: {fileID: 7761912869667337131, guid: 8c1b09d3163ae6f48b93f3b509d4ac83, type: 3}
      propertyPath: m_LocalRotation.y
      value: -0.66906565
      objectReference: {fileID: 0}
    - target: {fileID: 7761912869667337131, guid: 8c1b09d3163ae6f48b93f3b509d4ac83, type: 3}
      propertyPath: m_LocalRotation.z
      value: 0
      objectReference: {fileID: 0}
    - target: {fileID: 7761912869667337131, guid: 8c1b09d3163ae6f48b93f3b509d4ac83, type: 3}
      propertyPath: m_LocalEulerAnglesHint.x
      value: 0
      objectReference: {fileID: 0}
    - target: {fileID: 7761912869667337131, guid: 8c1b09d3163ae6f48b93f3b509d4ac83, type: 3}
      propertyPath: m_LocalEulerAnglesHint.z
      value: 0
      objectReference: {fileID: 0}
    - target: {fileID: 7871027520021675741, guid: 8c1b09d3163ae6f48b93f3b509d4ac83, type: 3}
      propertyPath: m_lineSpacing
      value: 20
      objectReference: {fileID: 0}
    - target: {fileID: 7928776590298785769, guid: 8c1b09d3163ae6f48b93f3b509d4ac83, type: 3}
      propertyPath: m_Name
      value: SheepInfoTextRight
      objectReference: {fileID: 0}
    - target: {fileID: 7928776590298785769, guid: 8c1b09d3163ae6f48b93f3b509d4ac83, type: 3}
      propertyPath: m_IsActive
      value: 1
      objectReference: {fileID: 0}
    - target: {fileID: 8298622301146090268, guid: 8c1b09d3163ae6f48b93f3b509d4ac83, type: 3}
      propertyPath: m_Material
      value: 
      objectReference: {fileID: 0}
    - target: {fileID: 8507912172171840141, guid: 8c1b09d3163ae6f48b93f3b509d4ac83, type: 3}
      propertyPath: m_Name
      value: CampsiteNew
      objectReference: {fileID: 0}
    - target: {fileID: 9032529424191721527, guid: 8c1b09d3163ae6f48b93f3b509d4ac83, type: 3}
      propertyPath: m_RootOrder
      value: 3
      objectReference: {fileID: 0}
    - target: {fileID: 9032529424191721527, guid: 8c1b09d3163ae6f48b93f3b509d4ac83, type: 3}
      propertyPath: m_LocalPosition.x
      value: 0
      objectReference: {fileID: 0}
    - target: {fileID: 9032529424191721527, guid: 8c1b09d3163ae6f48b93f3b509d4ac83, type: 3}
      propertyPath: m_LocalPosition.y
      value: 0
      objectReference: {fileID: 0}
    - target: {fileID: 9032529424191721527, guid: 8c1b09d3163ae6f48b93f3b509d4ac83, type: 3}
      propertyPath: m_LocalPosition.z
      value: 0
      objectReference: {fileID: 0}
    - target: {fileID: 9032529424191721527, guid: 8c1b09d3163ae6f48b93f3b509d4ac83, type: 3}
      propertyPath: m_LocalRotation.w
      value: 0.641496
      objectReference: {fileID: 0}
    - target: {fileID: 9032529424191721527, guid: 8c1b09d3163ae6f48b93f3b509d4ac83, type: 3}
      propertyPath: m_LocalRotation.x
      value: -0
      objectReference: {fileID: 0}
    - target: {fileID: 9032529424191721527, guid: 8c1b09d3163ae6f48b93f3b509d4ac83, type: 3}
      propertyPath: m_LocalRotation.y
      value: -0.76712644
      objectReference: {fileID: 0}
    - target: {fileID: 9032529424191721527, guid: 8c1b09d3163ae6f48b93f3b509d4ac83, type: 3}
      propertyPath: m_LocalRotation.z
      value: -0
      objectReference: {fileID: 0}
    - target: {fileID: 9032529424191721527, guid: 8c1b09d3163ae6f48b93f3b509d4ac83, type: 3}
      propertyPath: m_LocalEulerAnglesHint.x
      value: 0
      objectReference: {fileID: 0}
    - target: {fileID: 9032529424191721527, guid: 8c1b09d3163ae6f48b93f3b509d4ac83, type: 3}
      propertyPath: m_LocalEulerAnglesHint.y
      value: -100.193
      objectReference: {fileID: 0}
    - target: {fileID: 9032529424191721527, guid: 8c1b09d3163ae6f48b93f3b509d4ac83, type: 3}
      propertyPath: m_LocalEulerAnglesHint.z
      value: 0
      objectReference: {fileID: 0}
    m_RemovedComponents: []
  m_SourcePrefab: {fileID: 100100000, guid: 8c1b09d3163ae6f48b93f3b509d4ac83, type: 3}
--- !u!1 &134969311 stripped
GameObject:
  m_CorrespondingSourceObject: {fileID: 7761912868236633198, guid: 8c1b09d3163ae6f48b93f3b509d4ac83, type: 3}
  m_PrefabInstance: {fileID: 61815502}
  m_PrefabAsset: {fileID: 0}
--- !u!1 &156252167
GameObject:
  m_ObjectHideFlags: 0
  m_CorrespondingSourceObject: {fileID: 0}
  m_PrefabInstance: {fileID: 0}
  m_PrefabAsset: {fileID: 0}
  serializedVersion: 6
  m_Component:
  - component: {fileID: 156252170}
  - component: {fileID: 156252169}
  - component: {fileID: 156252168}
  m_Layer: 0
  m_Name: EventSystem
  m_TagString: Untagged
  m_Icon: {fileID: 0}
  m_NavMeshLayer: 0
  m_StaticEditorFlags: 0
  m_IsActive: 1
--- !u!114 &156252168
MonoBehaviour:
  m_ObjectHideFlags: 0
  m_CorrespondingSourceObject: {fileID: 0}
  m_PrefabInstance: {fileID: 0}
  m_PrefabAsset: {fileID: 0}
  m_GameObject: {fileID: 156252167}
  m_Enabled: 1
  m_EditorHideFlags: 0
  m_Script: {fileID: 11500000, guid: 4f231c4fb786f3946a6b90b886c48677, type: 3}
  m_Name: 
  m_EditorClassIdentifier: 
  m_HorizontalAxis: Horizontal
  m_VerticalAxis: Vertical
  m_SubmitButton: Submit
  m_CancelButton: Cancel
  m_InputActionsPerSecond: 10
  m_RepeatDelay: 0.5
  m_ForceModuleActive: 0
--- !u!114 &156252169
MonoBehaviour:
  m_ObjectHideFlags: 0
  m_CorrespondingSourceObject: {fileID: 0}
  m_PrefabInstance: {fileID: 0}
  m_PrefabAsset: {fileID: 0}
  m_GameObject: {fileID: 156252167}
  m_Enabled: 1
  m_EditorHideFlags: 0
  m_Script: {fileID: 11500000, guid: 76c392e42b5098c458856cdf6ecaaaa1, type: 3}
  m_Name: 
  m_EditorClassIdentifier: 
  m_FirstSelected: {fileID: 0}
  m_sendNavigationEvents: 1
  m_DragThreshold: 10
--- !u!4 &156252170
Transform:
  m_ObjectHideFlags: 0
  m_CorrespondingSourceObject: {fileID: 0}
  m_PrefabInstance: {fileID: 0}
  m_PrefabAsset: {fileID: 0}
  m_GameObject: {fileID: 156252167}
  m_LocalRotation: {x: 0, y: 0, z: 0, w: 1}
  m_LocalPosition: {x: 0, y: 0, z: 0}
  m_LocalScale: {x: 1, y: 1, z: 1}
  m_Children: []
  m_Father: {fileID: 0}
  m_RootOrder: 6
  m_LocalEulerAnglesHint: {x: 0, y: 0, z: 0}
--- !u!1 &333447680 stripped
GameObject:
  m_CorrespondingSourceObject: {fileID: 7761912869667337128, guid: 8c1b09d3163ae6f48b93f3b509d4ac83, type: 3}
  m_PrefabInstance: {fileID: 61815502}
  m_PrefabAsset: {fileID: 0}
--- !u!1 &387853881
GameObject:
  m_ObjectHideFlags: 0
  m_CorrespondingSourceObject: {fileID: 0}
  m_PrefabInstance: {fileID: 0}
  m_PrefabAsset: {fileID: 0}
  serializedVersion: 6
  m_Component:
  - component: {fileID: 387853885}
  - component: {fileID: 387853884}
  - component: {fileID: 387853883}
  - component: {fileID: 387853882}
  m_Layer: 0
  m_Name: Plane
  m_TagString: Untagged
  m_Icon: {fileID: 0}
  m_NavMeshLayer: 0
  m_StaticEditorFlags: 0
  m_IsActive: 1
--- !u!64 &387853882
MeshCollider:
  m_ObjectHideFlags: 0
  m_CorrespondingSourceObject: {fileID: 0}
  m_PrefabInstance: {fileID: 0}
  m_PrefabAsset: {fileID: 0}
  m_GameObject: {fileID: 387853881}
  m_Material: {fileID: 0}
  m_IsTrigger: 0
  m_Enabled: 1
  serializedVersion: 4
  m_Convex: 0
  m_CookingOptions: 30
  m_Mesh: {fileID: 10209, guid: 0000000000000000e000000000000000, type: 0}
--- !u!23 &387853883
MeshRenderer:
  m_ObjectHideFlags: 0
  m_CorrespondingSourceObject: {fileID: 0}
  m_PrefabInstance: {fileID: 0}
  m_PrefabAsset: {fileID: 0}
  m_GameObject: {fileID: 387853881}
  m_Enabled: 1
  m_CastShadows: 1
  m_ReceiveShadows: 1
  m_DynamicOccludee: 1
  m_MotionVectors: 1
  m_LightProbeUsage: 1
  m_ReflectionProbeUsage: 1
  m_RayTracingMode: 2
  m_RayTraceProcedural: 0
  m_RenderingLayerMask: 1
  m_RendererPriority: 0
  m_Materials:
  - {fileID: 2100000, guid: 31321ba15b8f8eb4c954353edc038b1d, type: 2}
  m_StaticBatchInfo:
    firstSubMesh: 0
    subMeshCount: 0
  m_StaticBatchRoot: {fileID: 0}
  m_ProbeAnchor: {fileID: 0}
  m_LightProbeVolumeOverride: {fileID: 0}
  m_ScaleInLightmap: 1
  m_ReceiveGI: 1
  m_PreserveUVs: 0
  m_IgnoreNormalsForChartDetection: 0
  m_ImportantGI: 0
  m_StitchLightmapSeams: 1
  m_SelectedEditorRenderState: 3
  m_MinimumChartSize: 4
  m_AutoUVMaxDistance: 0.5
  m_AutoUVMaxAngle: 89
  m_LightmapParameters: {fileID: 0}
  m_SortingLayerID: 0
  m_SortingLayer: 0
  m_SortingOrder: 0
  m_AdditionalVertexStreams: {fileID: 0}
--- !u!33 &387853884
MeshFilter:
  m_ObjectHideFlags: 0
  m_CorrespondingSourceObject: {fileID: 0}
  m_PrefabInstance: {fileID: 0}
  m_PrefabAsset: {fileID: 0}
  m_GameObject: {fileID: 387853881}
  m_Mesh: {fileID: 10209, guid: 0000000000000000e000000000000000, type: 0}
--- !u!4 &387853885
Transform:
  m_ObjectHideFlags: 0
  m_CorrespondingSourceObject: {fileID: 0}
  m_PrefabInstance: {fileID: 0}
  m_PrefabAsset: {fileID: 0}
  m_GameObject: {fileID: 387853881}
  m_LocalRotation: {x: 0, y: 0, z: 0, w: 1}
  m_LocalPosition: {x: 0, y: 0, z: 0}
  m_LocalScale: {x: 4, y: 4, z: 4}
  m_Children: []
  m_Father: {fileID: 0}
  m_RootOrder: 4
  m_LocalEulerAnglesHint: {x: 0, y: 0, z: 0}
--- !u!1 &542566570 stripped
GameObject:
  m_CorrespondingSourceObject: {fileID: 7761912868354938586, guid: 8c1b09d3163ae6f48b93f3b509d4ac83, type: 3}
  m_PrefabInstance: {fileID: 61815502}
  m_PrefabAsset: {fileID: 0}
--- !u!1 &632371439 stripped
GameObject:
  m_CorrespondingSourceObject: {fileID: 7761912869633866661, guid: 8c1b09d3163ae6f48b93f3b509d4ac83, type: 3}
  m_PrefabInstance: {fileID: 61815502}
  m_PrefabAsset: {fileID: 0}
--- !u!1 &640031221
GameObject:
  m_ObjectHideFlags: 0
  m_CorrespondingSourceObject: {fileID: 0}
  m_PrefabInstance: {fileID: 0}
  m_PrefabAsset: {fileID: 0}
  serializedVersion: 6
  m_Component:
  - component: {fileID: 640031223}
  - component: {fileID: 640031222}
  m_Layer: 0
  m_Name: Directional Light
  m_TagString: Untagged
  m_Icon: {fileID: 0}
  m_NavMeshLayer: 0
  m_StaticEditorFlags: 0
  m_IsActive: 1
--- !u!108 &640031222
Light:
  m_ObjectHideFlags: 0
  m_CorrespondingSourceObject: {fileID: 0}
  m_PrefabInstance: {fileID: 0}
  m_PrefabAsset: {fileID: 0}
  m_GameObject: {fileID: 640031221}
  m_Enabled: 1
  serializedVersion: 10
  m_Type: 1
  m_Shape: 0
  m_Color: {r: 1, g: 0.95686275, b: 0.8392157, a: 1}
  m_Intensity: 1
  m_Range: 10
  m_SpotAngle: 30
  m_InnerSpotAngle: 21.80208
  m_CookieSize: 10
  m_Shadows:
    m_Type: 2
    m_Resolution: -1
    m_CustomResolution: -1
    m_Strength: 1
    m_Bias: 0.05
    m_NormalBias: 0.4
    m_NearPlane: 0.2
    m_CullingMatrixOverride:
      e00: 1
      e01: 0
      e02: 0
      e03: 0
      e10: 0
      e11: 1
      e12: 0
      e13: 0
      e20: 0
      e21: 0
      e22: 1
      e23: 0
      e30: 0
      e31: 0
      e32: 0
      e33: 1
    m_UseCullingMatrixOverride: 0
  m_Cookie: {fileID: 0}
  m_DrawHalo: 0
  m_Flare: {fileID: 0}
  m_RenderMode: 0
  m_CullingMask:
    serializedVersion: 2
    m_Bits: 4294967295
  m_RenderingLayerMask: 1
  m_Lightmapping: 4
  m_LightShadowCasterMode: 0
  m_AreaSize: {x: 1, y: 1}
  m_BounceIntensity: 1
  m_ColorTemperature: 6570
  m_UseColorTemperature: 0
  m_BoundingSphereOverride: {x: 0, y: 0, z: 0, w: 0}
  m_UseBoundingSphereOverride: 0
  m_UseViewFrustumForShadowCasterCull: 1
  m_ShadowRadius: 0
  m_ShadowAngle: 0
--- !u!4 &640031223
Transform:
  m_ObjectHideFlags: 0
  m_CorrespondingSourceObject: {fileID: 0}
  m_PrefabInstance: {fileID: 0}
  m_PrefabAsset: {fileID: 0}
  m_GameObject: {fileID: 640031221}
  m_LocalRotation: {x: 0.40821788, y: -0.23456968, z: 0.10938163, w: 0.8754261}
  m_LocalPosition: {x: 0, y: 3, z: 0}
  m_LocalScale: {x: 1, y: 1, z: 1}
  m_Children: []
  m_Father: {fileID: 0}
  m_RootOrder: 0
  m_LocalEulerAnglesHint: {x: 50, y: -30, z: 0}
--- !u!1 &866095283 stripped
GameObject:
  m_CorrespondingSourceObject: {fileID: 7761912868292510833, guid: 8c1b09d3163ae6f48b93f3b509d4ac83, type: 3}
  m_PrefabInstance: {fileID: 61815502}
  m_PrefabAsset: {fileID: 0}
--- !u!1001 &894368566
PrefabInstance:
  m_ObjectHideFlags: 0
  serializedVersion: 2
  m_Modification:
    m_TransformParent: {fileID: 0}
    m_Modifications:
    - target: {fileID: 414458592798604637, guid: af34ee7facb25ca47ab541ed2e829335, type: 3}
      propertyPath: m_Name
      value: Sheep
      objectReference: {fileID: 0}
    - target: {fileID: 7991697716571105772, guid: af34ee7facb25ca47ab541ed2e829335, type: 3}
      propertyPath: m_RootOrder
      value: 2
      objectReference: {fileID: 0}
    - target: {fileID: 7991697716571105772, guid: af34ee7facb25ca47ab541ed2e829335, type: 3}
      propertyPath: m_LocalPosition.x
      value: 0
      objectReference: {fileID: 0}
    - target: {fileID: 7991697716571105772, guid: af34ee7facb25ca47ab541ed2e829335, type: 3}
      propertyPath: m_LocalPosition.y
      value: 0.64
      objectReference: {fileID: 0}
    - target: {fileID: 7991697716571105772, guid: af34ee7facb25ca47ab541ed2e829335, type: 3}
      propertyPath: m_LocalPosition.z
      value: 13.21
      objectReference: {fileID: 0}
    - target: {fileID: 7991697716571105772, guid: af34ee7facb25ca47ab541ed2e829335, type: 3}
      propertyPath: m_LocalRotation.w
      value: 1
      objectReference: {fileID: 0}
    - target: {fileID: 7991697716571105772, guid: af34ee7facb25ca47ab541ed2e829335, type: 3}
      propertyPath: m_LocalRotation.x
      value: 0
      objectReference: {fileID: 0}
    - target: {fileID: 7991697716571105772, guid: af34ee7facb25ca47ab541ed2e829335, type: 3}
      propertyPath: m_LocalRotation.y
      value: 0
      objectReference: {fileID: 0}
    - target: {fileID: 7991697716571105772, guid: af34ee7facb25ca47ab541ed2e829335, type: 3}
      propertyPath: m_LocalRotation.z
      value: 0
      objectReference: {fileID: 0}
    - target: {fileID: 7991697716571105772, guid: af34ee7facb25ca47ab541ed2e829335, type: 3}
      propertyPath: m_LocalEulerAnglesHint.x
      value: 0
      objectReference: {fileID: 0}
    - target: {fileID: 7991697716571105772, guid: af34ee7facb25ca47ab541ed2e829335, type: 3}
      propertyPath: m_LocalEulerAnglesHint.y
      value: 0
      objectReference: {fileID: 0}
    - target: {fileID: 7991697716571105772, guid: af34ee7facb25ca47ab541ed2e829335, type: 3}
      propertyPath: m_LocalEulerAnglesHint.z
      value: 0
      objectReference: {fileID: 0}
    m_RemovedComponents: []
  m_SourcePrefab: {fileID: 100100000, guid: af34ee7facb25ca47ab541ed2e829335, type: 3}
--- !u!1 &969900856 stripped
GameObject:
  m_CorrespondingSourceObject: {fileID: 7761912868442069127, guid: 8c1b09d3163ae6f48b93f3b509d4ac83, type: 3}
  m_PrefabInstance: {fileID: 61815502}
  m_PrefabAsset: {fileID: 0}
--- !u!1001 &1275309908
PrefabInstance:
  m_ObjectHideFlags: 0
  serializedVersion: 2
  m_Modification:
    m_TransformParent: {fileID: 0}
    m_Modifications:
    - target: {fileID: 1986739818122886572, guid: 0785b19c7a1184fd78a3cfd4618211bd, type: 3}
      propertyPath: m_IsActive
      value: 1
      objectReference: {fileID: 0}
    - target: {fileID: 2392196287961341897, guid: 0785b19c7a1184fd78a3cfd4618211bd, type: 3}
      propertyPath: m_Enabled
      value: 0
      objectReference: {fileID: 0}
    - target: {fileID: 2715728217148010956, guid: 0785b19c7a1184fd78a3cfd4618211bd, type: 3}
      propertyPath: field of view
      value: 60
      objectReference: {fileID: 0}
    - target: {fileID: 2715728217148010956, guid: 0785b19c7a1184fd78a3cfd4618211bd, type: 3}
      propertyPath: m_TargetDisplay
      value: 0
      objectReference: {fileID: 0}
    - target: {fileID: 2715728217148010956, guid: 0785b19c7a1184fd78a3cfd4618211bd, type: 3}
      propertyPath: near clip plane
      value: 0.3
      objectReference: {fileID: 0}
    - target: {fileID: 2715728217148010956, guid: 0785b19c7a1184fd78a3cfd4618211bd, type: 3}
      propertyPath: m_CullingMask.m_Bits
      value: 73727
      objectReference: {fileID: 0}
    - target: {fileID: 2715728217148010956, guid: 0785b19c7a1184fd78a3cfd4618211bd, type: 3}
      propertyPath: m_projectionMatrixMode
      value: 1
      objectReference: {fileID: 0}
    - target: {fileID: 3139135958243256080, guid: 0785b19c7a1184fd78a3cfd4618211bd, type: 3}
      propertyPath: m_LocalPosition.x
      value: 1.1923892
      objectReference: {fileID: 0}
    - target: {fileID: 3139135958243256080, guid: 0785b19c7a1184fd78a3cfd4618211bd, type: 3}
      propertyPath: m_LocalPosition.y
      value: 1.9642923
      objectReference: {fileID: 0}
    - target: {fileID: 3139135958243256080, guid: 0785b19c7a1184fd78a3cfd4618211bd, type: 3}
      propertyPath: m_LocalPosition.z
      value: -2.7138517
      objectReference: {fileID: 0}
    - target: {fileID: 3480836406545555834, guid: 0785b19c7a1184fd78a3cfd4618211bd, type: 3}
      propertyPath: m_StopNaN
      value: 0
      objectReference: {fileID: 0}
    - target: {fileID: 3480836406545555834, guid: 0785b19c7a1184fd78a3cfd4618211bd, type: 3}
      propertyPath: m_Dithering
      value: 0
      objectReference: {fileID: 0}
    - target: {fileID: 3480836406545555834, guid: 0785b19c7a1184fd78a3cfd4618211bd, type: 3}
      propertyPath: m_CameraType
      value: 0
      objectReference: {fileID: 0}
    - target: {fileID: 3480836406545555834, guid: 0785b19c7a1184fd78a3cfd4618211bd, type: 3}
      propertyPath: m_RenderShadows
      value: 1
      objectReference: {fileID: 0}
    - target: {fileID: 3480836406545555834, guid: 0785b19c7a1184fd78a3cfd4618211bd, type: 3}
      propertyPath: m_RendererIndex
      value: 0
      objectReference: {fileID: 0}
    - target: {fileID: 3480836406545555834, guid: 0785b19c7a1184fd78a3cfd4618211bd, type: 3}
      propertyPath: m_AllowXRRendering
      value: 1
      objectReference: {fileID: 0}
    - target: {fileID: 3480836406545555834, guid: 0785b19c7a1184fd78a3cfd4618211bd, type: 3}
      propertyPath: m_Cameras.Array.size
      value: 2
      objectReference: {fileID: 0}
    - target: {fileID: 3480836406545555834, guid: 0785b19c7a1184fd78a3cfd4618211bd, type: 3}
      propertyPath: m_RenderPostProcessing
      value: 1
      objectReference: {fileID: 0}
    - target: {fileID: 3480836406545555834, guid: 0785b19c7a1184fd78a3cfd4618211bd, type: 3}
      propertyPath: m_Cameras.Array.data[1]
      value: 
      objectReference: {fileID: 0}
    - target: {fileID: 3992445367952682165, guid: 0785b19c7a1184fd78a3cfd4618211bd, type: 3}
      propertyPath: m_Name
      value: ShepherdNew
      objectReference: {fileID: 0}
    - target: {fileID: 3992445367952682165, guid: 0785b19c7a1184fd78a3cfd4618211bd, type: 3}
      propertyPath: m_IsActive
      value: 1
      objectReference: {fileID: 0}
    - target: {fileID: 4333539557070435855, guid: 0785b19c7a1184fd78a3cfd4618211bd, type: 3}
      propertyPath: m_RootOrder
      value: 1
      objectReference: {fileID: 0}
    - target: {fileID: 4333539557070435855, guid: 0785b19c7a1184fd78a3cfd4618211bd, type: 3}
      propertyPath: m_LocalPosition.x
      value: -7.13
      objectReference: {fileID: 0}
    - target: {fileID: 4333539557070435855, guid: 0785b19c7a1184fd78a3cfd4618211bd, type: 3}
      propertyPath: m_LocalPosition.y
      value: 1.13
      objectReference: {fileID: 0}
    - target: {fileID: 4333539557070435855, guid: 0785b19c7a1184fd78a3cfd4618211bd, type: 3}
      propertyPath: m_LocalPosition.z
      value: 0
      objectReference: {fileID: 0}
    - target: {fileID: 4333539557070435855, guid: 0785b19c7a1184fd78a3cfd4618211bd, type: 3}
      propertyPath: m_LocalRotation.w
      value: 1
      objectReference: {fileID: 0}
    - target: {fileID: 4333539557070435855, guid: 0785b19c7a1184fd78a3cfd4618211bd, type: 3}
      propertyPath: m_LocalRotation.x
      value: 0
      objectReference: {fileID: 0}
    - target: {fileID: 4333539557070435855, guid: 0785b19c7a1184fd78a3cfd4618211bd, type: 3}
      propertyPath: m_LocalRotation.y
      value: 0
      objectReference: {fileID: 0}
    - target: {fileID: 4333539557070435855, guid: 0785b19c7a1184fd78a3cfd4618211bd, type: 3}
      propertyPath: m_LocalRotation.z
      value: 0
      objectReference: {fileID: 0}
    - target: {fileID: 4333539557070435855, guid: 0785b19c7a1184fd78a3cfd4618211bd, type: 3}
      propertyPath: m_LocalEulerAnglesHint.x
      value: 0
      objectReference: {fileID: 0}
    - target: {fileID: 4333539557070435855, guid: 0785b19c7a1184fd78a3cfd4618211bd, type: 3}
      propertyPath: m_LocalEulerAnglesHint.y
      value: 0
      objectReference: {fileID: 0}
    - target: {fileID: 4333539557070435855, guid: 0785b19c7a1184fd78a3cfd4618211bd, type: 3}
      propertyPath: m_LocalEulerAnglesHint.z
      value: 0
      objectReference: {fileID: 0}
    - target: {fileID: 4354123488192259081, guid: 0785b19c7a1184fd78a3cfd4618211bd, type: 3}
      propertyPath: m_CameraType
      value: 1
      objectReference: {fileID: 0}
    - target: {fileID: 5052354038088072487, guid: 0785b19c7a1184fd78a3cfd4618211bd, type: 3}
      propertyPath: m_IsActive
      value: 1
      objectReference: {fileID: 0}
    - target: {fileID: 6394826733318116111, guid: 0785b19c7a1184fd78a3cfd4618211bd, type: 3}
      propertyPath: m_LocalPosition.x
      value: 6.0647354
      objectReference: {fileID: 0}
    - target: {fileID: 6394826733318116111, guid: 0785b19c7a1184fd78a3cfd4618211bd, type: 3}
      propertyPath: m_LocalPosition.y
      value: 1.0143771
      objectReference: {fileID: 0}
    - target: {fileID: 6394826733318116111, guid: 0785b19c7a1184fd78a3cfd4618211bd, type: 3}
      propertyPath: m_LocalPosition.z
      value: 4.828289
      objectReference: {fileID: 0}
    - target: {fileID: 6394826733318116111, guid: 0785b19c7a1184fd78a3cfd4618211bd, type: 3}
      propertyPath: m_LocalRotation.w
      value: 0.4008217
      objectReference: {fileID: 0}
    - target: {fileID: 6394826733318116111, guid: 0785b19c7a1184fd78a3cfd4618211bd, type: 3}
      propertyPath: m_LocalRotation.x
      value: -0.022416592
      objectReference: {fileID: 0}
    - target: {fileID: 6394826733318116111, guid: 0785b19c7a1184fd78a3cfd4618211bd, type: 3}
      propertyPath: m_LocalRotation.y
      value: -0.914346
      objectReference: {fileID: 0}
    - target: {fileID: 6394826733318116111, guid: 0785b19c7a1184fd78a3cfd4618211bd, type: 3}
      propertyPath: m_LocalRotation.z
      value: -0.0530187
      objectReference: {fileID: 0}
    - target: {fileID: 8775392591707459684, guid: 0785b19c7a1184fd78a3cfd4618211bd, type: 3}
      propertyPath: m_IsActive
      value: 1
      objectReference: {fileID: 0}
    m_RemovedComponents: []
  m_SourcePrefab: {fileID: 100100000, guid: 0785b19c7a1184fd78a3cfd4618211bd, type: 3}
--- !u!1 &1692583521
GameObject:
  m_ObjectHideFlags: 0
  m_CorrespondingSourceObject: {fileID: 0}
  m_PrefabInstance: {fileID: 0}
  m_PrefabAsset: {fileID: 0}
  serializedVersion: 6
  m_Component:
  - component: {fileID: 1692583523}
  - component: {fileID: 1692583522}
  m_Layer: 0
  m_Name: DebugObject
  m_TagString: Untagged
  m_Icon: {fileID: 0}
  m_NavMeshLayer: 0
  m_StaticEditorFlags: 0
  m_IsActive: 1
--- !u!114 &1692583522
MonoBehaviour:
  m_ObjectHideFlags: 0
  m_CorrespondingSourceObject: {fileID: 0}
  m_PrefabInstance: {fileID: 0}
  m_PrefabAsset: {fileID: 0}
  m_GameObject: {fileID: 1692583521}
  m_Enabled: 1
  m_EditorHideFlags: 0
  m_Script: {fileID: 11500000, guid: 261c7b5f6188fcb42b14b4303c7e2200, type: 3}
  m_Name: 
  m_EditorClassIdentifier: 
--- !u!4 &1692583523
Transform:
  m_ObjectHideFlags: 0
  m_CorrespondingSourceObject: {fileID: 0}
  m_PrefabInstance: {fileID: 0}
  m_PrefabAsset: {fileID: 0}
  m_GameObject: {fileID: 1692583521}
  m_LocalRotation: {x: 0, y: 0, z: 0, w: 1}
  m_LocalPosition: {x: -4.4491596, y: 3.7668912, z: 1.1626453}
  m_LocalScale: {x: 1, y: 1, z: 1}
  m_Children: []
  m_Father: {fileID: 0}
  m_RootOrder: 5
  m_LocalEulerAnglesHint: {x: 0, y: 0, z: 0}
--- !u!1 &1695594099 stripped
GameObject:
  m_CorrespondingSourceObject: {fileID: 8775392591707459684, guid: 0785b19c7a1184fd78a3cfd4618211bd, type: 3}
  m_PrefabInstance: {fileID: 1275309908}
  m_PrefabAsset: {fileID: 0}
--- !u!114 &1695594113
MonoBehaviour:
  m_ObjectHideFlags: 0
  m_CorrespondingSourceObject: {fileID: 0}
  m_PrefabInstance: {fileID: 0}
  m_PrefabAsset: {fileID: 0}
  m_GameObject: {fileID: 1695594099}
  m_Enabled: 1
  m_EditorHideFlags: 0
  m_Script: {fileID: 11500000, guid: 948f4100a11a5c24981795d21301da5c, type: 3}
  m_Name: 
  m_EditorClassIdentifier: 
--- !u!114 &1959007747 stripped
MonoBehaviour:
  m_CorrespondingSourceObject: {fileID: 7743938642673347626, guid: 8c1b09d3163ae6f48b93f3b509d4ac83, type: 3}
  m_PrefabInstance: {fileID: 61815502}
  m_PrefabAsset: {fileID: 0}
  m_GameObject: {fileID: 0}
  m_Enabled: 1
  m_EditorHideFlags: 0
  m_Script: {fileID: 11500000, guid: d6e7cec2705d6c7489b425b82306c78a, type: 3}
  m_Name: 
  m_EditorClassIdentifier: 
