%YAML 1.1
%TAG !u! tag:unity3d.com,2011:
--- !u!114 &-8345595031902241379
MonoBehaviour:
  m_ObjectHideFlags: 3
  m_CorrespondingSourceObject: {fileID: 0}
  m_PrefabInstance: {fileID: 0}
  m_PrefabAsset: {fileID: 0}
  m_GameObject: {fileID: 0}
  m_Enabled: 1
  m_EditorHideFlags: 0
  m_Script: {fileID: 11500000, guid: 3eb4b772797da9440885e8bd939e9560, type: 3}
  m_Name: ColorCurves
  m_EditorClassIdentifier: 
  active: 0
  m_AdvancedMode: 0
  master:
    m_OverrideState: 0
    m_Value:
      <length>k__BackingField: 2
      m_Loop: 0
      m_ZeroValue: 0
      m_Range: 1
      m_Curve:
        serializedVersion: 2
        m_Curve:
        - serializedVersion: 3
          time: 0
          value: 0
          inSlope: 1
          outSlope: 1
          tangentMode: 0
          weightedMode: 0
          inWeight: 0
          outWeight: 0
        - serializedVersion: 3
          time: 1
          value: 1
          inSlope: 1
          outSlope: 1
          tangentMode: 0
          weightedMode: 0
          inWeight: 0
          outWeight: 0
        m_PreInfinity: 2
        m_PostInfinity: 2
        m_RotationOrder: 4
  red:
    m_OverrideState: 0
    m_Value:
      <length>k__BackingField: 2
      m_Loop: 0
      m_ZeroValue: 0
      m_Range: 1
      m_Curve:
        serializedVersion: 2
        m_Curve:
        - serializedVersion: 3
          time: 0
          value: 0
          inSlope: 1
          outSlope: 1
          tangentMode: 0
          weightedMode: 0
          inWeight: 0
          outWeight: 0
        - serializedVersion: 3
          time: 1
          value: 1
          inSlope: 1
          outSlope: 1
          tangentMode: 0
          weightedMode: 0
          inWeight: 0
          outWeight: 0
        m_PreInfinity: 2
        m_PostInfinity: 2
        m_RotationOrder: 4
  green:
    m_OverrideState: 0
    m_Value:
      <length>k__BackingField: 2
      m_Loop: 0
      m_ZeroValue: 0
      m_Range: 1
      m_Curve:
        serializedVersion: 2
        m_Curve:
        - serializedVersion: 3
          time: 0
          value: 0
          inSlope: 1
          outSlope: 1
          tangentMode: 0
          weightedMode: 0
          inWeight: 0
          outWeight: 0
        - serializedVersion: 3
          time: 1
          value: 1
          inSlope: 1
          outSlope: 1
          tangentMode: 0
          weightedMode: 0
          inWeight: 0
          outWeight: 0
        m_PreInfinity: 2
        m_PostInfinity: 2
        m_RotationOrder: 4
  blue:
    m_OverrideState: 0
    m_Value:
      <length>k__BackingField: 2
      m_Loop: 0
      m_ZeroValue: 0
      m_Range: 1
      m_Curve:
        serializedVersion: 2
        m_Curve:
        - serializedVersion: 3
          time: 0
          value: 0
          inSlope: 1
          outSlope: 1
          tangentMode: 0
          weightedMode: 0
          inWeight: 0
          outWeight: 0
        - serializedVersion: 3
          time: 1
          value: 1
          inSlope: 1
          outSlope: 1
          tangentMode: 0
          weightedMode: 0
          inWeight: 0
          outWeight: 0
        m_PreInfinity: 2
        m_PostInfinity: 2
        m_RotationOrder: 4
  hueVsHue:
    m_OverrideState: 0
    m_Value:
      <length>k__BackingField: 0
      m_Loop: 1
      m_ZeroValue: 0.5
      m_Range: 1
      m_Curve:
        serializedVersion: 2
        m_Curve: []
        m_PreInfinity: 2
        m_PostInfinity: 2
        m_RotationOrder: 4
  hueVsSat:
    m_OverrideState: 0
    m_Value:
      <length>k__BackingField: 0
      m_Loop: 1
      m_ZeroValue: 0.5
      m_Range: 1
      m_Curve:
        serializedVersion: 2
        m_Curve: []
        m_PreInfinity: 2
        m_PostInfinity: 2
        m_RotationOrder: 4
  satVsSat:
    m_OverrideState: 0
    m_Value:
      <length>k__BackingField: 0
      m_Loop: 0
      m_ZeroValue: 0.5
      m_Range: 1
      m_Curve:
        serializedVersion: 2
        m_Curve: []
        m_PreInfinity: 2
        m_PostInfinity: 2
        m_RotationOrder: 4
  lumVsSat:
    m_OverrideState: 0
    m_Value:
      <length>k__BackingField: 0
      m_Loop: 0
      m_ZeroValue: 0.5
      m_Range: 1
      m_Curve:
        serializedVersion: 2
        m_Curve: []
        m_PreInfinity: 2
        m_PostInfinity: 2
        m_RotationOrder: 4
--- !u!114 &-4491186293773919988
MonoBehaviour:
  m_ObjectHideFlags: 3
  m_CorrespondingSourceObject: {fileID: 0}
  m_PrefabInstance: {fileID: 0}
  m_PrefabAsset: {fileID: 0}
  m_GameObject: {fileID: 0}
  m_Enabled: 1
  m_EditorHideFlags: 0
  m_Script: {fileID: 11500000, guid: 899c54efeace73346a0a16faa3afe726, type: 3}
  m_Name: Vignette
  m_EditorClassIdentifier: 
  active: 1
  m_AdvancedMode: 0
  color:
    m_OverrideState: 1
    m_Value: {r: 0.6462264, g: 0.67536074, b: 1, a: 1}
    hdr: 0
    showAlpha: 0
    showEyeDropper: 1
  center:
    m_OverrideState: 0
    m_Value: {x: 0.5, y: 0.5}
  intensity:
    m_OverrideState: 1
    m_Value: 0.51
    min: 0
    max: 1
  smoothness:
    m_OverrideState: 0
    m_Value: 0.2
    min: 0.01
    max: 1
  rounded:
    m_OverrideState: 0
    m_Value: 0
--- !u!114 &-2626844730491489892
MonoBehaviour:
  m_ObjectHideFlags: 3
  m_CorrespondingSourceObject: {fileID: 0}
  m_PrefabInstance: {fileID: 0}
  m_PrefabAsset: {fileID: 0}
  m_GameObject: {fileID: 0}
  m_Enabled: 1
  m_EditorHideFlags: 0
  m_Script: {fileID: 11500000, guid: c01700fd266d6914ababb731e09af2eb, type: 3}
  m_Name: DepthOfField
  m_EditorClassIdentifier: 
  active: 1
  m_AdvancedMode: 0
  mode:
    m_OverrideState: 1
    m_Value: 1
  gaussianStart:
    m_OverrideState: 1
    m_Value: 30
    min: 0
  gaussianEnd:
    m_OverrideState: 1
    m_Value: 600
    min: 0
  gaussianMaxRadius:
    m_OverrideState: 1
    m_Value: 1.5
    min: 0.5
    max: 1.5
  highQualitySampling:
    m_OverrideState: 0
    m_Value: 1
  focusDistance:
    m_OverrideState: 0
    m_Value: 10
    min: 0.1
  aperture:
    m_OverrideState: 0
    m_Value: 5.6
    min: 1
    max: 32
  focalLength:
    m_OverrideState: 0
    m_Value: 50
    min: 1
    max: 300
  bladeCount:
    m_OverrideState: 0
    m_Value: 5
    min: 3
    max: 9
  bladeCurvature:
    m_OverrideState: 0
    m_Value: 1
    min: 0
    max: 1
  bladeRotation:
    m_OverrideState: 0
    m_Value: 0
    min: -180
    max: 180
--- !u!114 &11400000
MonoBehaviour:
  m_ObjectHideFlags: 0
  m_CorrespondingSourceObject: {fileID: 0}
  m_PrefabInstance: {fileID: 0}
  m_PrefabAsset: {fileID: 0}
  m_GameObject: {fileID: 0}
  m_Enabled: 1
  m_EditorHideFlags: 0
  m_Script: {fileID: 11500000, guid: d7fd9488000d3734a9e00ee676215985, type: 3}
  m_Name: Global Volume Profile
  m_EditorClassIdentifier: 
  components:
  - {fileID: 1074939951587546676}
  - {fileID: -8345595031902241379}
  - {fileID: 4734337195783096775}
  - {fileID: -4491186293773919988}
  - {fileID: 2341373320442202430}
  - {fileID: 208530054687945180}
  - {fileID: 4046540395651222685}
  - {fileID: 8793249125471896255}
  - {fileID: 6718120656460721379}
  - {fileID: -2626844730491489892}
  - {fileID: 8894959209600734922}
--- !u!114 &208530054687945180
MonoBehaviour:
  m_ObjectHideFlags: 3
  m_CorrespondingSourceObject: {fileID: 0}
  m_PrefabInstance: {fileID: 0}
  m_PrefabAsset: {fileID: 0}
  m_GameObject: {fileID: 0}
  m_Enabled: 1
  m_EditorHideFlags: 0
  m_Script: {fileID: 11500000, guid: 558a8e2b6826cf840aae193990ba9f2e, type: 3}
  m_Name: ShadowsMidtonesHighlights
  m_EditorClassIdentifier: 
  active: 1
  m_AdvancedMode: 0
  shadows:
    m_OverrideState: 1
    m_Value: {x: 1, y: 0.8204767, z: 0.39869493, w: 0.06644519}
  midtones:
    m_OverrideState: 0
    m_Value: {x: 1, y: 1, z: 1, w: 0}
  highlights:
    m_OverrideState: 0
    m_Value: {x: 1, y: 1, z: 1, w: 0}
  shadowsStart:
    m_OverrideState: 0
    m_Value: 0
    min: 0
  shadowsEnd:
    m_OverrideState: 0
    m_Value: 0.3
    min: 0
  highlightsStart:
    m_OverrideState: 0
    m_Value: 0.55
    min: 0
  highlightsEnd:
    m_OverrideState: 0
    m_Value: 1
    min: 0
--- !u!114 &1074939951587546676
MonoBehaviour:
  m_ObjectHideFlags: 3
  m_CorrespondingSourceObject: {fileID: 0}
  m_PrefabInstance: {fileID: 0}
  m_PrefabAsset: {fileID: 0}
  m_GameObject: {fileID: 0}
  m_Enabled: 1
  m_EditorHideFlags: 0
  m_Script: {fileID: 11500000, guid: 0b2db86121404754db890f4c8dfe81b2, type: 3}
  m_Name: Bloom
  m_EditorClassIdentifier: 
  active: 1
  m_AdvancedMode: 0
  threshold:
    m_OverrideState: 1
    m_Value: 0.78
    min: 0
  intensity:
    m_OverrideState: 1
    m_Value: 0.81
    min: 0
  scatter:
    m_OverrideState: 0
    m_Value: 0.7
    min: 0
    max: 1
  clamp:
    m_OverrideState: 0
    m_Value: 65472
    min: 0
  tint:
    m_OverrideState: 1
    m_Value: {r: 1, g: 1, b: 1, a: 1}
    hdr: 0
    showAlpha: 0
    showEyeDropper: 1
  highQualityFiltering:
    m_OverrideState: 0
    m_Value: 0
  skipIterations:
    m_OverrideState: 0
    m_Value: 1
    min: 0
    max: 16
  dirtTexture:
    m_OverrideState: 0
    m_Value: {fileID: 0}
  dirtIntensity:
    m_OverrideState: 0
    m_Value: 0
    min: 0
--- !u!114 &2341373320442202430
MonoBehaviour:
  m_ObjectHideFlags: 3
  m_CorrespondingSourceObject: {fileID: 0}
  m_PrefabInstance: {fileID: 0}
  m_PrefabAsset: {fileID: 0}
  m_GameObject: {fileID: 0}
  m_Enabled: 1
  m_EditorHideFlags: 0
  m_Script: {fileID: 11500000, guid: 221518ef91623a7438a71fef23660601, type: 3}
  m_Name: WhiteBalance
  m_EditorClassIdentifier: 
  active: 1
  m_AdvancedMode: 0
  temperature:
    m_OverrideState: 1
    m_Value: -29.96
    min: -100
    max: 100
  tint:
    m_OverrideState: 0
    m_Value: 0
    min: -100
    max: 100
--- !u!114 &4046540395651222685
MonoBehaviour:
  m_ObjectHideFlags: 3
  m_CorrespondingSourceObject: {fileID: 0}
  m_PrefabInstance: {fileID: 0}
  m_PrefabAsset: {fileID: 0}
  m_GameObject: {fileID: 0}
  m_Enabled: 1
  m_EditorHideFlags: 0
  m_Script: {fileID: 11500000, guid: e021b4c809a781e468c2988c016ebbea, type: 3}
  m_Name: ColorLookup
  m_EditorClassIdentifier: 
  active: 1
  m_AdvancedMode: 0
  texture:
    m_OverrideState: 1
    m_Value: {fileID: 2800000, guid: 92fe42d859ea5d846acfb573fc53cd86, type: 3}
  contribution:
    m_OverrideState: 0
    m_Value: 1
    min: 0
    max: 1
--- !u!114 &4734337195783096775
MonoBehaviour:
  m_ObjectHideFlags: 3
  m_CorrespondingSourceObject: {fileID: 0}
  m_PrefabInstance: {fileID: 0}
  m_PrefabAsset: {fileID: 0}
  m_GameObject: {fileID: 0}
  m_Enabled: 1
  m_EditorHideFlags: 0
  m_Script: {fileID: 11500000, guid: 66f335fb1ffd8684294ad653bf1c7564, type: 3}
  m_Name: ColorAdjustments
  m_EditorClassIdentifier: 
  active: 1
  m_AdvancedMode: 0
  postExposure:
    m_OverrideState: 1
    m_Value: 0.56
  contrast:
    m_OverrideState: 1
    m_Value: 12.89
    min: -100
    max: 100
  colorFilter:
    m_OverrideState: 1
    m_Value: {r: 1, g: 0.9009434, b: 0.9278077, a: 1}
    hdr: 1
    showAlpha: 0
    showEyeDropper: 1
  hueShift:
    m_OverrideState: 0
    m_Value: 0
    min: -180
    max: 180
  saturation:
    m_OverrideState: 0
    m_Value: 0
    min: -100
    max: 100
--- !u!114 &6718120656460721379
MonoBehaviour:
  m_ObjectHideFlags: 3
  m_CorrespondingSourceObject: {fileID: 0}
  m_PrefabInstance: {fileID: 0}
  m_PrefabAsset: {fileID: 0}
  m_GameObject: {fileID: 0}
  m_Enabled: 1
  m_EditorHideFlags: 0
  m_Script: {fileID: 11500000, guid: 5485954d14dfb9a4c8ead8edb0ded5b1, type: 3}
  m_Name: LiftGammaGain
  m_EditorClassIdentifier: 
  active: 1
  m_AdvancedMode: 0
  lift:
    m_OverrideState: 0
    m_Value: {x: 1, y: 0.98091483, z: 0.995229, w: -0.2657807}
  gamma:
    m_OverrideState: 1
    m_Value: {x: 1, y: 0.91089755, z: 0.8090284, w: 0.09966777}
  gain:
    m_OverrideState: 1
    m_Value: {x: 1, y: 0.84421796, z: 0.85712177, w: 0.2657807}
--- !u!114 &8793249125471896255
MonoBehaviour:
  m_ObjectHideFlags: 3
  m_CorrespondingSourceObject: {fileID: 0}
  m_PrefabInstance: {fileID: 0}
  m_PrefabAsset: {fileID: 0}
  m_GameObject: {fileID: 0}
  m_Enabled: 1
  m_EditorHideFlags: 0
  m_Script: {fileID: 11500000, guid: 70afe9e12c7a7ed47911bb608a23a8ff, type: 3}
  m_Name: SplitToning
  m_EditorClassIdentifier: 
  active: 1
  m_AdvancedMode: 0
  shadows:
    m_OverrideState: 1
    m_Value: {r: 0.59588414, g: 0.5257209, b: 0.6226415, a: 1}
    hdr: 0
    showAlpha: 0
    showEyeDropper: 1
  highlights:
    m_OverrideState: 0
    m_Value: {r: 0.5, g: 0.5, b: 0.5, a: 1}
    hdr: 0
    showAlpha: 0
    showEyeDropper: 1
  balance:
    m_OverrideState: 1
    m_Value: 0
    min: -100
    max: 100
--- !u!114 &8894959209600734922
MonoBehaviour:
  m_ObjectHideFlags: 3
  m_CorrespondingSourceObject: {fileID: 0}
  m_PrefabInstance: {fileID: 0}
  m_PrefabAsset: {fileID: 0}
  m_GameObject: {fileID: 0}
  m_Enabled: 1
  m_EditorHideFlags: 0
  m_Script: {fileID: 11500000, guid: c5e1dc532bcb41949b58bc4f2abfbb7e, type: 3}
  m_Name: LensDistortion
  m_EditorClassIdentifier: 
  active: 0
  m_AdvancedMode: 0
  intensity:
    m_OverrideState: 1
    m_Value: 0
    min: -1
    max: 1
  xMultiplier:
    m_OverrideState: 0
    m_Value: 1
    min: 0
    max: 1
  yMultiplier:
    m_OverrideState: 0
    m_Value: 1
    min: 0
    max: 1
  center:
    m_OverrideState: 0
    m_Value: {x: 0.5, y: 0.5}
  scale:
    m_OverrideState: 0
    m_Value: 1
    min: 0.01
    max: 5
